2939 3782
1296 132 1595 181 -Οί-

308 244 311 246 ’
345 270 501 313 caveas,
533 270 581 301 ue
613 257 719 311 quod
748 257 853 299 finite
886 257 1030 298 dictum
1061 257 1179 310 volui,
1211 256 1357 297 infinite
1389 257 1568 308 accipias
1600 266 1729 307 eoque
1762 256 1916 295 nomine
1949 256 2134 308 castiges,
2168 267 2284 308 quam
2317 258 2363 297 in
2388 258 2535 301 enoris

345 333 475 375 labem
509 332 677 386 illapsus
709 335 770 372 est
801 333 897 372 mira
929 341 1050 372 casus
1081 331 1203 384 iniqui
1235 330 1466 382 temeritate,
1507 328 1611 369 absit
1641 329 1744 368 euim
1777 328 1988 370 voluntatis
2021 335 2057 370 et
2089 330 2318 382 cupiditatis
2348 331 2535 384 suspicio,

345 409 404 449 vir
435 406 638 449 doctrinae
668 404 774 447 tama
805 409 844 446 et
874 405 1110 447 auctoritate
1140 403 1319 458 insignis,
1360 403 1427 456 qui
1464 412 1565 455 quas
1596 402 1647 442 ad
1679 401 1917 455 Sophoclem
1949 403 2095 456 protuli
2127 406 2375 445 coniecturas
2405 404 2534 445 finitas

344 483 438 523 viris
470 480 596 522 doctis
627 477 872 532 persuadere
904 483 1070 519 conatus
1100 483 1171 531 est,
1203 487 1276 518 eas
1307 480 1350 517 ut
1380 476 1578 529 legitimas
1609 486 1672 516 me
1694 476 1934 532 venditasse,
1967 478 2061 531 quin
2084 479 2200 518 etiam
2226 477 2355 518 divino
2378 484 2534 531 poetae,

344 555 450 610 quod
481 554 595 596 nefas
627 552 739 606 duco,
771 552 914 606 cupide
946 557 1178 604 temereque
1209 550 1419 592 intrusisse
1440 552 1483 604 ¹).
1543 549 1626 592 Sed
1657 549 1758 593 haec
1788 550 1992 594 hactenus.

875 643 985 695 Vive,
1017 641 1129 682 vale!
1160 640 1292 694 siquid
1322 642 1464 683 novisti
1496 643 1640 685 rectius
1671 644 1767 696 istis,

874 715 1076 758 Candidus
1108 716 1275 768 imperti,
1307 716 1339 756 si
1372 726 1461 768 non,
1492 715 1552 757 his
1583 722 1693 758 utere
1725 727 1890 758 mecum.

485 892 509 935 ¹)
535 892 580 924 cf.
605 887 766 934 §Bettrcige
791 885 1062 933 gur‘cerftfirung
1087 890 1146 923 hee
1165 886 1357 930 &cobortes
1382 893 1448 923 bon
1472 886 1515 929 ξ).
1533 887 1661 933 ἑΒοηίβ.
1699 887 1732 923 2.
1753 887 1841 930 ξοεῇ.
1880 889 1958 921 Hoc
1983 889 2020 920 in
2045 887 2167 920 libello
2193 889 2246 919 vir
2270 887 2530 919 illustrissimus

341 949 527 983 nonnullas
553 948 813 981 emendationes
837 957 880 979 ex
898 946 1008 978 altero
1026 944 1220 978 studiorum
1238 954 1393 977 meorum
1409 944 1587 977 volumine
1604 944 1801 989 depromtas
1828 946 1882 988 ‘in
1900 945 2081 978 stomacho
2098 945 2233 977 ridens'
2262 944 2532 987 reprehensione

341 1010 415 1041 sive
448 1007 609 1040 convicio
641 1005 857 1050 perstringit.
904 1004 959 1037 Ex
991 1002 1119 1046 quibus
1152 1012 1241 1046 quae
1266 1003 1420 1035 metricis
1452 1003 1540 1036 meis
1564 1003 1760 1036 rationibus
1785 1004 1955 1045 nituntur,
1982 1003 2024 1035 de
2049 1001 2094 1035 iis
2120 1013 2189 1035 non
2214 1004 2329 1045 potuit
2353 1013 2436 1034 sane
2462 1013 2529 1034 non

340 1076 502 1110 perverse
521 1064 694 1105 iudicare,
719 1064 750 1096 si
775 1062 940 1096 volumen
965 1062 1117 1103 tertium,
1149 1061 1187 1093 in
1212 1071 1279 1104 quo
1303 1061 1387 1094 illae
1411 1066 1642 1105 exponuntur,
1670 1073 1739 1094 non
1766 1062 1910 1105 legerat.
1961 1062 2062 1103 Quod
2087 1072 2299 1105 quamquam
2322 1061 2471 1093 alterum
2498 1068 2530 1092 et

340 1125 479 1157 tei-tium
505 1122 609 1156 simul
638 1122 733 1154 edita
757 1125 849 1160 sunt,
881 1130 966 1153 casu
1000 1119 1140 1162 quidem
1173 1120 1313 1152 evenire
1344 1121 1501 1163 potuisse
1533 1130 1640 1164 supra
1672 1121 1884 1164 significavi,
1916 1121 1986 1153 nisi
2018 1121 2107 1153 forte
2140 1126 2281 1163 propter
2314 1119 2529 1162 singularem

339 1180 569 1224 petulantiam
594 1179 774 1211 metricam
801 1188 905 1221 quam
930 1177 1201 1220 deprehendisse
1226 1177 1294 1210 sibi
1321 1177 1497 1210 videretur
1520 1178 1660 1211 horrore
1686 1185 1866 1222 correptus
1892 1184 1926 1212 et
1950 1179 2216 1222 obstupefactus
2242 1189 2263 1210 a
2287 1178 2388 1210 tertio
2422 1177 2529 1220 inspi-

338 1238 461 1272 ciendo
486 1238 667 1271 abstinuit.
716 1236 783 1270 Sed
808 1246 852 1269 ne
877 1236 1028 1279 primum
1053 1236 1194 1280 quidem
1218 1236 1381 1269 volumen
1408 1238 1617 1280 cognovisse
1642 1236 1791 1278 videtur,
1817 1247 1897 1269 cum
1922 1237 2070 1270 alterum
2097 1242 2380 1280 persequeretur:
2409 1236 2528 1268 insunt

337 1298 439 1337 enim,
473 1296 600 1338 quibus
632 1296 844 1338 gravissima
872 1295 1034 1326 convicia
1058 1306 1127 1327 non
1150 1295 1369 1327 infirmentur
1393 1295 1506 1335 modo,
1538 1295 1600 1327 sed
1631 1306 1775 1338 prorsus
1808 1296 2000 1328 deleantur.
2049 1297 2170 1338 Itaque
2202 1295 2315 1328 bonus
2347 1295 2528 1327 Bonitzius

335 1354 688 1394 (monoyraphiam’
720 1364 834 1385 meam
867 1353 988 1386 nescio
1022 1364 1125 1396 quam
1157 1357 1286 1394 narrat,
1320 1352 1402 1386 dum
1435 1352 1557 1387 eadem
1587 1354 1719 1398 pagina
1751 1353 1839 1387 haec
1864 1354 2046 1398 leguntur:
2080 1352 2232 1395 &tabita
2258 1361 2296 1399 311
2322 1351 2527 1395 ῧοᾨβοῐῐεό.

335 1413 367 1446 2.
394 1411 507 1447 ffianb.
556 1409 648 1451 Quid
673 1410 807 1453 igitur?
855 1409 935 1451 Abi,
959 1420 1056 1454 puer,
1081 1410 1254 1455 Oedipum
1280 1411 1433 1445 arcesse!
1463 1412 1534 1444 nisi
1557 1411 1648 1445 forte
1672 1411 1761 1444 haec
1785 1412 1926 1455 quidem
1950 1413 2106 1456 aliquam
2130 1412 2323 1443 voluntatis
2349 1411 2526 1453 significa-

334 1470 464 1502 tionem
490 1468 618 1502 habere
643 1468 815 1501 videntur.
864 1468 1027 1502 Ceterum
1060 1479 1163 1513 quem
1180 1469 1267 1519 *dixi
1290 1470 1467 1503 horrorem
1492 1470 1536 1502 ad
1559 1471 1632 1502 alia
1656 1472 1774 1503 omnia
1799 1480 1888 1513 quae
1921 1472 2074 1503 effutivit
2104 1472 2316 1513 pertinuisse
2345 1474 2527 1502 consenta-

335 1536 437 1559 neum
463 1531 527 1567 est,
551 1536 632 1558 nam
658 1526 729 1558 dici
753 1527 814 1558 vix
839 1531 955 1569 potest
979 1536 1083 1569 quam
1108 1528 1260 1559 absurda
1285 1529 1356 1560 sint
1379 1539 1544 1571 magnam
1568 1534 1703 1571 partem
1726 1534 1761 1561 et
1786 1530 1915 1571 inepta.
1961 1530 2131 1561 Nimirum
2149 1539 2333 1562 successor
2349 1528 2524 1570 fraterque

333 1585 505 1628 gemellus
542 1584 810 1622 Schneidewini,
844 1595 946 1627 quem
970 1585 1145 1629 Bergkius
1169 1587 1294 1621 scribit
1325 1587 1439 1622 solum
1472 1599 1510 1621 se
1542 1588 1695 1622 iactasse
1720 1588 1874 1621 Graecos
1907 1591 2030 1632 poetas
2063 1587 2272 1631 intelligere,
2304 1596 2410 1619 caeco
2443 1586 2524 1618 aliis

332 1642 542 1675 adversandi
570 1641 686 1674 studio
711 1642 905 1685 abreptum,
938 1639 1121 1676 successor
1152 1645 1262 1688 igitur
1292 1646 1329 1678 in
1360 1656 1469 1689 regno
1494 1646 1692 1690 Sophocleo
1716 1647 1920 1690 indignatur
1943 1646 2262 1687 vehementissime,
2295 1656 2375 1678 cum
2406 1645 2525 1677 videat

332 1701 507 1733 hominem
532 1710 662 1732 novum
687 1701 721 1732 in
749 1702 835 1733 fines
861 1711 943 1733 suos
960 1706 1089 1735 temere
1105 1703 1367 1747 irrumpentem.
1407 1705 1529 1748 ltaque
1556 1709 1649 1737 tutor
1673 1709 1708 1738 et
1732 1705 1896 1738 sacerdos
1920 1705 2040 1749 legum
2065 1706 2308 1748 rationumque
2334 1714 2523 1744 sacrarum,

331 1764 413 1792 sunt
445 1762 561 1791 autem
593 1757 702 1800 νόμοι
730 1754 926 1801 ὖψίποδες,
957 1753 1139 1803 οὐρανίαν
1160 1755 1210 1794 δι’
1232 1757 1374 1805 αἰθέρα
1401 1758 1646 1801 τεκνωθέντες
1675 1773 1708 1795 κ.
1737 1774 1768 1796 τ.
1800 1764 1829 1796 λ.
1863 1763 2101 1797 debacchatur
2132 1764 2266 1806 passim
2300 1766 2422 1796 contra
2454 1761 2523 1796 τὸν

331 1814 523 1849 πλάναταν
546 1810 792 1858 τῖκορὲστατον
816 1811 896 1848 οὐδ’
919 1813 1113 1860 ἔγχωρον
1133 1829 1166 1850 κ.
1190 1829 1222 1850 τ.
1248 1819 1277 1851 λ.
1303 1829 1370 1862 pus
1395 1829 1438 1852 ac
1460 1830 1637 1853 venenum
1661 1826 1863 1862 merentem,
1886 1828 1926 1855 ut
1958 1823 2018 1865 qui
2048 1822 2124 1855 ludi
2160 1823 2329 1865 magister
2354 1822 2398 1855 ad
2422 1822 2521 1855 illam

331 1882 429 1905 suam
464 1872 551 1904 artis
585 1872 729 1904 criticae
761 1872 982 1905 nobilitatem
1014 1878 1048 1906 et
1080 1870 1298 1908 maiestatem
1323 1878 1545 1920 aspiraverit,
1572 1879 1665 1911 risus
1691 1882 1725 1911 et
1749 1879 1870 1912 fabula
1895 1880 1965 1913 fiat.
2015 1880 2082 1914 Sed
2108 1880 2307 1923 periculosa
2332 1879 2418 1912 haec
2444 1879 2521 1911 alea

331 1939 391 1963 est.
441 1931 590 1973 Saepius
616 1930 726 1970 aliter,
752 1931 858 1964 immo
884 1936 1007 1965 contra
1032 1934 1158 1966 evenit.

999 2012 1088 2035 nam
1112 2004 1194 2041 nisu
1217 2005 1344 2047 inepto
1369 2015 1432 2038 res
1455 2007 1623 2049 ineptior
1651 2010 1758 2039 nulla
1782 2010 1847 2040 est.
