2939 3782
1288 130 1588 182 „19-

337 271 481 319 poetae
511 261 826 319 significandum.
891 259 1027 310 Quid?
1067 258 1217 301 nihilne
1247 255 1355 299 alind
1385 256 1438 298 de
1469 266 1516 297 se
1545 256 1633 307 ipse
1664 253 1803 295 libello
1838 253 2104 306 proficiscenti
2134 253 2385 297 commendat
2414 266 2540 308 prae-

338 338 560 391 dicandum,
590 349 681 381 cum
713 341 792 378 tam
825 335 1022 389 ,verbosa
1034 311 1235 385 'loquela’
1267 331 1450 384 corporis
1479 339 1558 371 non
1580 328 1672 370 dico
1694 329 1865 370 virtutes
1886 326 1959 369 sed
1975 329 2230 370 invenustam
2253 329 2539 381 proprietatem

337 411 555 455 exhibeat?
593 412 759 465 Apage
791 410 909 451 vero!
949 410 1122 459 emtus
1149 415 1256 453 sum,
1297 414 1542 457 praesumus,
1586 402 1684 444 solis
1718 403 1888 450 amicae,
1930 400 2036 443 idem
2077 402 2328 444 iracundus!
2387 404 2542 456 Apage,

337 488 518 540 inquam,
549 488 584 527 si
616 486 711 539 quid
753 485 875 536 sapiS,
916 482 1111 523 audacter
1152 489 1306 519 mecum
1347 479 1387 518 in
1427 478 1578 518 solibus
1607 479 1746 527 aptum
1778 475 2047 527 corruptelam
2079 477 2213 517 inesse
2244 476 2540 528 prudentissimi

337 566 481 614 poetae
510 565 678 602 statuas.
742 556 838 599 Sine
868 546 992 599 dubio
1034 554 1084 595 de
1115 554 1277 606 ingenio
1321 563 1397 593 suo
1435 551 1572 592 nescio
1602 548 1698 603 quid
1732 574 1782 580 —-
1816 561 2057 603 quamquam
2088 547 2215 603 probe
2248 549 2405 602 quidem
2436 552 2540 593 seire

335 635 490 688 videor,
529 635 604 676 sed
635 634 755 675 liceat
785 633 864 673 hoc
892 631 983 672 loco
1015 630 1119 670 viam
1151 633 1192 670 et
1219 629 1426 679 rationem,
1468 637 1547 678 qua
1587 625 1751 678 perveni
1783 624 1835 665 ad
1867 624 1974 666 illam
2006 625 2339 678 emendationem,
2379 624 2540 668 uberius

338 709 585 763 aliquantulo
606 708 898 759 demonstrare,
928 728 983 735 —
1016 702 1067 744 de
1099 700 1233 758 indole
1251 696 1340 742 'sua
1365 700 1492 760 >igitur
1521 700 1657 741 nescio
1689 698 1785 751 quid
1818 699 2007 740 universe
2037 698 2282 752 praedicavit
2312 698 2542 754 addiditque

337 793 534 837 pergens:
565 782 734 824 celerem
765 779 925 834 quidem
954 779 1095 828 irasci,
1140 774 1214 817 sed
1244 779 1320 817 etc.
1383 774 1451 816 Sic
1481 774 1566 815 sere
1597 774 1715 816 velim
1746 772 1942 815 locutum:
1975 774 2051 826 dic,
2082 773 2199 827 liber,
2230 785 2294 815 me
2324 785 2418 817 esse
2449 776 2542 816 exi-

338 868 470 911 guum,
501 865 765 911 praecanam,
805 853 954 895 bonum
997 850 1179 892 sodalem
1219 840 1261 890 et
1296 848 1468 890 celerem
1501 848 1660 902 quidem
1693 849 1824 901 irasci,
1865 846 1939 889 sed
1980 849 2047 901 qui
2088 847 2240 901 placari
2282 851 2420 901 possit.
2481 849 2540 891 En

339 929 466 972 babes
496 930 744 982 sententiam,
775 927 849 968 nisi
882 925 1012 980 fallor,
1054 934 1207 978 sanam,
1247 923 1467 976 rotundam,
1509 924 1646 976 utique
1677 921 1942 963 tolerabilem.
2004 922 2224 963 Sodalibus
2254 927 2393 975 aptum
2424 924 2542 976 igitur

335 1003 489 1047 lubenti
519 1005 649 1046 animo
681 1011 837 1044 mecum
868 1001 1084 1053 arriperes,
1124 999 1159 1039 si
1201 1007 1272 1051 per
1313 1002 1479 1038 metrum
1518 997 1668 1037 liceret.
1729 996 1866 1049 ltaque
1897 993 2063 1037 sedibus
2093 996 2171 1047 (Ξ
2191 997 2419 1049 sodalibus)
2450 997 2541 1039 olim

338 1089 427 1120 cum
459 1088 549 1120 mea
580 1076 754 1131 quadam
786 1076 1086 1127 amicorumque
1116 1072 1320 1126 voluptate
1363 1082 1436 1125 per
1476 1071 1717 1125 hypothesin
1749 1072 1942 1124 proposui
1974 1073 1998 1112 i.
2033 1082 2069 1112 e.
2109 1073 2253 1125 pugnis
2285 1071 2543 1126 calcibusque

338 1151 538 1205 contendi,
569 1155 728 1204 poetam
760 1149 988 1202 scripsisse,
1021 1145 1128 1200 quod
1159 1158 1182 1187 a
1213 1148 1463 1198 necessitate,
1495 1157 1519 1187 a
1550 1146 1808 1187 similitudine
1841 1150 1880 1187 et
1911 1145 2194 1199 probabilitate
2215 1149 2312 1188 satis
2334 1157 2543 1188 commen-

337 1225 521 1279 daretur,
567 1224 643 1266 nisi
685 1224 736 1265 ad
779 1223 987 1265 veritatem
1029 1220 1135 1274 quod
1175 1226 1352 1274 spectat,
1395 1222 1627 1273 ceteroquin
1668 1222 1905 1274 maximam,
1952 1232 2053 1262 nnus
2094 1221 2307 1275 scrupulus
2349 1226 2539 1263 restaret:

337 1299 455 1340 sodes
484 1313 543 1333 =
572 1301 608 1339 si
639 1298 768 1338 audes
800 1296 883 1337 Cic.
917 1295 1021 1336 Fest.
1057 1295 1164 1336 Non.
1195 1295 1438 1350 auctoribus
1501 1294 1715 1336 Enimvero
1746 1294 1978 1347 scrupulum
2019 1294 2068 1335 de
2099 1295 2291 1347 scrupulo
2330 1294 2539 1335 movebam

340 1371 613 1423 declamitans,
645 1371 730 1412 veri
750 1368 880 1411 simile
913 1379 1006 1410 esse
1036 1369 1337 1421 grammaticum
1368 1378 1443 1409 sua
1474 1372 1684 1420 utrumque
1715 1378 1738 1408 e
1761 1366 1955 1409 Cicerone
1979 1368 2175 1421 hausisse,
2208 1379 2324 1421 quem
2347 1378 2542 1410 summum

337 1449 548 1500 oratorem,
589 1444 769 1486 criticum
800 1441 1040 1485 mediocrem
1072 1440 1334 1494 haberemus;
1373 1439 1573 1482 addebam
1614 1440 1721 1494 apud
1754 1440 1890 1483 Sidon.
1935 1453 2057 1483 carm.
2102 1442 2257 1496 28‚233
2300 1442 2402 1484 haec
2441 1442 2542 1495 legi:

337 1518 371 1560 0
401 1519 532 1569 sodes,
565 1520 717 1572 quoties
747 1518 818 1559 tibi
848 1518 1021 1575 loquenti
1042 1519 1117 1558 etc.
1169 1515 1272 1556 Hinc
1302 1525 1406 1568 esse,
1438 1514 1547 1568 quod
1580 1515 1799 1557 doctissimi
1831 1516 2012 1557 homines
2044 1517 2393 1565 existimavisseut,
2425 1517 2543 1557 sodes

337 1603 432 1635 esse
462 1591 567 1634 idem
598 1602 649 1633 ac
692 1592 847 1633 sodalis
885 1601 1017 1644 neque
1049 1591 1188 1643 negari
1218 1600 1355 1643 posse,
1394 1600 1602 1643 magnam*
1624 1590 1802 1631 locorum
1844 1591 1986 1632 silvam
2019 1601 2108 1633 cum
2140 1591 2216 1632 hac
2246 1590 2432 1632 vocabuli
2464 1602 2543 1643 po-

335 1671 481 1709 testate
511 1667 610 1707 mire
637 1675 876 1720 congruere.
933 1665 1285 1707 verumenimvero
1317 1674 1514 1718 nusquam
1545 1669 1740 1705 terrarum
1771 1663 1917 1718 legitur
1948 1663 2057 1720 illud,
2092 1665 2200 1719 quod
2233 1670 2362 1706 mente
2394 1675 2544 1706 conce-

335 1751 488 1794 peram,
519 1740 598 1781 alio
630 1742 751 1781 casui
798 1738 903 1787 Quid
933 1740 1082 1791 igitur?
1123 1737 1339 1779 Abstinere
1369 1739 1433 1778 t'as
1464 1742 1526 1778 est
1554 1749 1581 1778 a
1611 1738 1681 1778 tali
1714 1738 1950 1780 coniiciendi
1980 1739 2201 1792 cupiditate
2232 1751 2282 1781 ac
2312 1741 2545 1794 pertinacia,

336 1814 442 1867 quia,
484 1813 520 1855 si
550 1811 742 1854 Friderici
774 1811 908 1865 Magni
944 1810 1049 1853 dicto
1079 1810 1173 1852 licet
1203 1811 1270 1864 uti,
1312 1808 1466 1852 Caesar
1494 1820 1576 1859 ,non
1606 1815 1668 1852 est
1698 1822 1821 1864 super
1851 1811 2155 1867 Grammaticos,
2194 1813 2341 1855 nedum
2372 1815 2544 1867 simplex

334 1885 421 1928 ludi
451 1885 654 1939 magister,
685 1886 774 1939 ipse
795 1887 1088 1939 grammaticus.
1140 1882 1390 1938 Quamquam
1421 1884 1544 1926 animi
1575 1894 1700 1927 causa
1732 1885 2033 1938 hypotheticam
2066 1896 2156 1928 eam
2187 1897 2413 1940 proponere
2442 1897 2545 1941 per-

334 1958 493 2014 gebam,
536 1958 665 2002 donec
706 1960 825 2001 totius
865 1958 941 2000 loci
982 1959 1091 2000 iusta
1132 1957 1390 2012 legitimaque
1431 1957 1656 2000 emendatio
1686 1959 1726 1999 in
1757 1958 1884 2000 lucem
1916 1958 2105 2015 prodiret,
2150 1964 2192 2001 ut
2233 1965 2420 2015 quantum
2461 1961 2545 2002 fieri

335 2036 487 2086 posset,
519 2033 703 2086 quaestio
734 2031 802 2073 illa
833 2030 1174 2085 redintegraretur
1195 2036 1235 2073 et
1255 2032 1309 2072 ad
1330 2031 1446 2073 linem
1469 2032 1767 2084 perduceretur.
1802 2056 1852 2062 —-
1891 2031 1996 2081 Quid
2018 2035 2144 2074 vero?
2173 2034 2353 2075 moribus
2374 2035 2546 2086 aptum?

335 2105 417 2149 Sed
450 2110 573 2149 totum
604 2106 733 2148 locum
766 2105 1060 2159 contemplare:

868 2215 933 2255 Me
964 2215 1104 2268 primis
1136 2213 1245 2256 urbis
1277 2213 1373 2255 belli
1409 2214 1614 2268 placuisse
1646 2214 1834 2269 domique

869 2289 1051 2343 corporis
1085 2289 1231 2343 exigui,
1262 2299 1519 2344 praecanum,
1550 2289 1727 2332 moribus
1760 2295 1906 2345 aptum,

868 2364 985 2406 irasci
1018 2364 1205 2418 celerem,
1237 2367 1367 2406 tamen
1400 2368 1440 2406 nt
1471 2363 1683 2419 placabilis
1715 2375 1861 2407 essem,

470 2478 530 2518 Ex
561 2480 622 2530 iis,
652 2490 758 2530 quae
789 2490 910 2530 supra
943 2478 1125 2532 diximus,
1168 2478 1350 2531 pluribus
1392 2479 1551 2531 quidem
1584 2479 1805 2521 rationibus
1836 2479 1940 2520 hanc
1972 2481 2242 2521 coniecturam
2274 2480 2541 2522 commendari

335 2562 452 2593 nemo
493 2563 571 2594 non
612 2552 729 2594 videt.
792 2552 963 2593 Accedit
1004 2557 1047 2594 ut
1086 2552 1301 2595 similitudo
1342 2564 1420 2595 non
1461 2565 1628 2606 prorsus
1661 2553 1931 2606 desideretur3
1976 2565 2065 2595 nam
2107 2555 2142 2596 si
2173 2553 2440 2607 Meineckius,
2481 2556 2542 2596 vir

334 2625 615 2680 doctissimus,
655 2631 816 2679 poetam
856 2610 1031 2668 fortasse
1072 2632 1186 2679 putat
1224 2628 1323 2669 solis
1362 2629 1540 2669 amicum
1580 2629 1817 2681 scripsisse,
1860 2639 1977 2669 nemo
2018 2634 2125 2669 certe
2165 2627 2327 2681 negabit
2367 2634 2540 2670 nostram

334 2700 657 2742 emendationem
688 2712 778 2742 cum
808 2701 876 2741 illa
907 2707 1179 2754 comparatam
1211 2704 1361 2754 primas
1392 2687 1582 2743 affectare
1613 2702 1776 2743 debere.
1838 2702 1922 2743 Sed
1951 2704 1986 2743 si
2016 2701 2293 2755 similitudinis,
2322 2704 2356 2743 si
2386 2702 2541 2755 proba·

333 2774 499 2818 bilitatis
520 2775 641 2818 laude
661 2781 886 2830 praestaret
906 2775 1103 2830 omnibus,
1123 2788 1378 2831 nequaquam
1400 2778 1714 2830 acquiescerem,
1736 2788 1826 2818 eum
1848 2776 1954 2818 aliae
1976 2775 2230 2818 difficultates
2252 2776 2381 2819 locum
2409 2778 2541 2818 acrius

336 2849 562 2902 inspicienti
593 2849 838 2891 oboriantur.

448 2922 725 2966 Praecianum
754 2924 852 2967 illud
882 2924 1029 2977 duplici
1061 2927 1221 2966 nomine
1252 2925 1508 2966 vehementer
1538 2925 1715 2967 offendit.
1774 2925 1947 2966 Primum
1980 2936 2096 2967 nemo
2127 2926 2350 2967 mortalium
2381 2932 2541 2979 poetam

332 3003 592 3051 praemature
621 3009 764 3041 canum
794 2999 921 3042 fuisse
950 2998 1149 3054 probavit,
1190 3004 1271 3041 tum
1301 3010 1399 3041 vero
1430 2999 1669 3042 vocabulum
1702 3001 1830 3053 ipsum
1863 3005 1926 3042 est
1956 2992 2077 3051 ἅπαξ
2108 2991 2352 3054 λεγόμενον.
2412 3000 2543 3043 Possit

331 3071 452 3124 igitur
492 3059 554 3114 vir
595 3073 828 3125 prudentior
868 3074 1101 3126 cautiorque
1141 3074 1340 3127 suspicari
1391 3074 1656 3127 corruptelam
1701 3074 1777 3116 hac
1818 3086 1919 3117 voce
1960 3076 2166 3117 contineri.
2240 3075 2378 3128 ltaque
2418 3076 2541 3118 multa

333 3143 585 3198 periclitatus
614 3150 718 3201 sum,
748 3144 878 3190 donec
906 3146 1023 3202 insta,
1054 3157 1174 3201 quam
1204 3157 1328 3201 supra
1358 3147 1488 3203 posui,
1517 3145 1739 3201 probaque,
1770 3148 1846 3192 nisi
1877 3157 1942 3191 me
1974 3149 2106 3191 omnia
2137 3147 2286 3204 fallunt,
2317 3148 2543 3192 emendatio

333 3216 466 3265 subito
498 3241 551 3251 —
586 3218 710 3264 affuit.
