2939 3782
1307 167 1606 219 -ῃ-

485 295 616 337 Carm.
648 293 718 337 lib.
756 294 782 348 l,
813 297 852 348 4,
884 307 918 336 v.
945 293 998 335 16
1026 292 1266 348 fabulaeque
1286 296 1430 336 inanes
1462 292 1602 345 on:
1621 294 1695 346 m),
1726 290 1795 336 ubi
1830 291 1952 345 vulgo
1974 292 2120 346 legitur
2143 289 2385 346 fabulaeque
2405 305 2559 336 manes.

350 368 495 412 Notum
527 376 602 424 est,
631 369 741 410 viros
772 367 915 410 doctos
947 366 1184 422 haesitasse,
1209 373 1343 411 atrum
1372 366 1799 421 [umgenitivum
1831 375 1881 408 aa
1910 366 2190 408 nominativum
2213 377 2307 408 esse
2328 372 2559 410 statuerent.

351 443 461 485 Talis
492 442 736 495 ambiguitas
766 443 807 484 in
837 446 997 495 poetam
1029 434 1380 496 castigae'ueimum
1419 444 1528 485 oerte
1558 452 1644 484 uon
1675 439 1795 484 eadit.
1858 437 1943 483 Suo
1975 444 2109 482 autem
2139 451 2250 482 more
2281 452 2369 483 cum
2402 441 2560 485 domum

351 518 496 559 exilem
527 517 646 570 dieat,
688 514 854 563 fabulas,
888 518 1033 558 inanes
1073 515 1185 558 addit
1226 516 1304 559 hoc
1343 516 1429 558 fere
1469 526 1614 559 sensu:
1656 514 1746 557 Jam
1779 525 1859 557 nox
1889 519 1927 556 te
1958 519 2134 568 premet;
2166 516 2299 569 itaque
2339 516 2470 559 fruere
2511 527 2561 559 ac

350 590 484 646 gaude
528 595 719 644 protenus
761 588 850 642 illis,
892 600 997 643 quae
1037 579 1116 631 non
1152 594 1247 636 sum
1292 590 1436 643 inania,
1472 588 1609 644 exilia,
1651 589 1726 631 sed
1767 586 1909 631 solide.
1986 587 2172 630 Ceterum
2217 588 2405 642 Virgilius
2447 589 2559 632 dicit:

352 675 525 721 ,perque
567 664 711 707 domus
743 663 843 707 Ditis
873 667 913 706 et
942 664 1076 706 inania
1103 663 1266 718 regna’.

443 863 447 868 ¹
484 812 551 854 lib.
586 812 613 865 Ι,
646 811 682 865 3,
713 825 748 854 v.
781 815 806 854 7
839 816 882 854 ut
909 824 1067 865 precor,
1102 813 1171 854 nbi
1207 812 1328 866 vulgo
1359 813 1504 866 legitur
1535 812 1831 864 (ineolumem,
1864 823 2012 864 precor
2043 812 2183 862 (ut=
2205 812 2278 864 m).
2338 812 2430 853 Scio
2461 812 2558 865 qui-

351 886 463 941 dem,
486 887 767 928 necessitatem
801 896 824 927 a
855 886 952 928 viris
983 885 1110 928 doctis
1142 885 1273 928 adbuc
1292 887 1433 940 negari
1465 890 1533 928 ant
1563 884 1804 940 addubitari,
1836 884 1911 928 sed
1943 884 2074 928 nullus
2106 884 2254 939 dubito,
2285 887 2378 939 quin
2407 888 2557 929 veritas

351 960 725 1013 onnesscrnpulos
752 970 991 1014 omnemque
1018 959 1324 1001 haesitationem
1355 958 1582 1003 absorbeat.
1645 958 1840 1013 Equidem
1874 959 1982 1003 nullo
2012 956 2152 1002 labore
2182 964 2223 1001 et
2250 958 2401 1002 sudore
2431 962 2556 1002 inter—

350 1040 520 1087 pretum,
551 1034 660 1076 nulla
689 1033 988 1077 adnotationum
1020 1038 1059 1075 et
1087 1033 1268 1076 locorum
1287 1032 1398 1087 quod
1429 1032 1588 1086 quidem
1620 1034 1836 1087 opinantur
1864 1033 2050 1076 similium
2072 1034 2177 1076 molo
2200 1035 2434 1087 persuaderi
2457 1036 2554 1077 mibi

350 1109 476 1161 poenit
511 1107 594 1150 tale
638 1107 823 1151 dictionis
863 1112 901 1152 et
941 1108 1248 1152 constructionis
1290 1107 1507 1150 monstrum
1542 1118 1574 1149 a
1613 1111 1734 1162 poeta
1779 1118 1871 1150 esse
1914 1108 2147 1162 protectum
2208 1107 2287 1151 Sed
2324 1113 2446 1151 totum
2477 1110 2555 1151 iam

350 1182 482 1225 locun
514 1182 622 1224 nulla
660 1183 847 1236 opinione
877 1185 1197 1236 praeoccupatas
1228 1186 1269 1224 et
1299 1181 1558 1236 praepeditus
1587 1183 1801 1236 inspicias:

1015 1294 1083 1337 Sic
1114 1300 1152 1337 te
1185 1294 1277 1338 diva
1302 1300 1450 1351 xpotens
1483 1293 1616 1350 Cypri,

1017 1365 1086 1412 Sic
1116 1370 1257 1413 fratres
1289 1368 1479 1425 Helenae,
1510 1368 1642 1413 lucida
1674 1369 1821 1426 sidera,

1020 1444 1314 1498 Ventorumque
1347 1448 1464 1497 regat
1494 1446 1608 1497 pater

1016 1514 1226 1560 Obstrictis
1257 1505 1346 1560 aliis
1376 1522 1539 1572 praeter
1568 1517 1739 1573 Japyga,

1015 1589 1151 1645 Navis,
1184 1603 1288 1646 quae
1319 1589 1386 1635 tibi
1419 1590 1615 1636 creditum

1017 1662 1155 1709 Debes
1188 1662 1407 1721 Virgilium,
1437 1662 1580 1710 linibus
1611 1665 1756 1710 Atticis

1013 1736 1175 1795 Reddas
1207 1736 1407 1781 incolume
1438 1742 1494 1791 ut,
1524 1748 1679 1792 precor,

1015 1804 1236 1854 Et'serves
1266 1809 1424 1854 animae
1457 1805 1657 1856 dimidium
1689 1821 1818 1856 meae.

478 1919 583 1971 Quid
610 1919 785 1974 tndem,
810 1916 949 1973 sodes,
979 1918 1220 1962 desideras?
1281 1920 1360 1976 Sic,
1390 1922 1452 1962 sic
1482 1926 1533 1975 te,
1573 1922 1698 1976 navis,
1738 1926 1854 1976 regat
1894 1927 2048 1977 ventuS,
2088 1927 2130 1965 ut
2160 1922 2362 1966 dimidium
2392 1926 2551 1968 animae

344 2006 460 2038 meae
504 1994 647 2038 finibus
677 1995 823 2037 Atticis
860 1992 1010 2036 reddas
1050 1998 1090 2035 ot
1129 2004 1271 2036 serves
1312 1995 1524 2037 incolume.
1588 1995 1687 2037 lllud
1728 1997 1929 2039 incolume
1973 2008 2047 2051 pro
2092 2002 2202 2040 certo
2234 2000 2321 2041 scio
2352 1998 2421 2040 tibi
2448 2002 2551 2043 saus

343 2070 534 2125 arridere,
564 2069 640 2113 sed
672 2068 722 2111 de
753 2068 1017 2111 collocatione
1057 2066 1138 2109 τοῦ
1177 2072 1221 2109 ut
1259 2068 1433 2112 fortasse
1463 2068 1677 2112 dubitabis.
1738 2071 1884 2125 Apage
1926 2082 2037 2127 vero,
2078 2072 2213 2128 multa,
2252 2084 2357 2127 qnae
2395 2076 2552 2129 possiet

342 2144 562 2189 audaciora
608 2144 758 2197 notari,
803 2153 1024 2197 congerere
1073 2144 1248 2197 possim
1301 2142 1376 2186 sed
1425 2154 1528 2186 anus
1575 2145 1712 2198 locus,
1764 2146 1876 2187 cuius
1928 2155 2006 2187 nou
2050 2147 2193 2188 similis
2244 2147 2425 2203 quidem,
2473 2148 2550 2191 aed

344 2218 475 2262 affinis
505 2223 569 2262 est
596 2219 710 2273 ratio,
747 2217 924 2262 tortasse
954 2217 1146 2262 sufficiet:
1178 2228 1241 2273 ep.
1272 2218 1310 2272 6,
1341 2229 1378 2260 v.
1411 2218 1466 2261 16
1490 2218 1643 2277 inultus
1674 2222 1726 2273 nt,
1759 2217 1876 2274 nebo,
1908 2230 2021 2274 puer.
2081 2220 2387 2264 Animadvertas
2416 2226 2549 2265 amen

344 2300 482 2338 nostro
513 2293 606 2338 loco
636 2297 679 2336 ut
708 2294 795 2336 iure
820 2304 900 2338 suo
929 2293 1104 2348 quodam
1128 2291 1311 2337 *medium
1342 2294 1472 2336 locum
1503 2293 1652 2336 idcirco
1683 2292 1877 2348 obtinere,
1910 2296 2003 2349 quia
2035 2299 2075 2338 et
2107 2296 2160 2338 ad
2180 2295 2431 2349 praecedens
2451 2306 2550 2339 ver-

343 2368 438 2412 bum
466 2368 618 2410 reddas
651 2373 690 2410 et
720 2367 772 2410 ad
801 2378 979 2423 sequens
1004 2378 1143 2411 serves
1170 2368 1370 2410 referatur
1401 2378 1569 2410 necesse
1600 2374 1676 2410 est.
1735 2368 1833 2410 lllud
1863 2380 2010 2422 precor
2039 2374 2172 2412 autem
2191 2371 2253 2412 sic
2272 2372 2395 2412 inseri
2416 2371 2550 2413 solem

343 2441 471 2496 probe
502 2443 659 2485 novisti.

478 2590 546 2634 lib.
574 2590 644 2645 ΠΙ,
677 2590 743 2645 12,
773 2603 811 2633 v.
847 2591 899 2633 15
931 2591 1099 2634 celerem
1129 2595 1220 2634 arto
1251 2601 1325 2644 pro
1356 2590 1519 2645 vulgato
1550 2592 1654 2634 celer
1683 2595 1789 2633 arte.
1858 2589 2026 2645 videsis,
2068 2602 2188 2645 quam
2229 2597 2318 2635 cate
2357 2592 2475 2636 simul
2507 2597 2551 2636 et

343 2669 510 2709 venuste
541 2671 663 2720 poeta
691 2664 899 2721 loquatur:
935 2670 1049 2710 catus
1075 2666 1185 2708 idem
1217 2671 1257 2708 et
1285 2665 1452 2709 iaculari
1482 2671 1521 2709 et
1550 2667 1755 2721 excipere.
1815 2665 1949 2709 Etiam
1979 2678 2060 2710 non
2088 2667 2318 2711 admonitus
2348 2667 2548 2723 intelligis,

342 2741 395 2783 ad
418 2741 711 2796 excipiundum
744 2740 1009 2795 ‘currentem’
1040 2752 1181 2796 aprum
1220 2740 1480 2785 calliditatem
1520 2744 1651 2797 magis
1682 2741 1915 2796 desiderari,
1962 2754 2082 2798 quem
2112 2743 2369 2799 celeritatem,
2399 2754 2549 2798 qua-—

342 2826 462 2871 qnam
502 2816 570 2870 qni
608 2825 746 2870 ,suem
785 2816 1006 2871 agrestem’
1049 2821 1243 2871 sequatur
1283 2821 1351 2858 ant
1392 2819 1571 2858 cominus
1611 2821 1688 2871 eat,
1730 2827 1820 2858 eum
1864 2816 2040 2858 celerem
2081 2827 2175 2859 esse
2215 2816 2365 2859 debere
2405 2818 2548 2860 uteor.

341 2892 566 2937 venatores
597 2894 742 2947 autem,
783 2893 860 2935 nisi
898 2893 1034 2947 opinio
1061 2902 1127 2934 me
1159 2891 1312 2946 fefellit,
1347 2891 1629 2934 assentiuntur.
1688 2891 1860 2934 Accedit
1892 2896 1935 2934 at
1966 2891 2103 2947 paullo
2133 2896 2224 2936 ante
2254 2892 2439 2937 celeritas
2468 2894 2548 2935 ian

341 2969 392 3010 sit
420 2966 673 3021 praedicata.

475 3115 541 3158 lib.
569 3115 638 3171 lv,
670 3116 708 3172 9,
740 3128 775 3157 v.
805 3116 855 3157 41
891 3116 1015 3157 iudea:
1040 3117 1113 3170 qui
1140 3114 1350 3159 honestum
1376 3125 1454 3168 'pro
1476 3114 1640 3169 vulgato
1661 3115 1789 3158 iudex
1805 3115 2016 3158 honestum
2046 3122 2087 3157 et
2113 3129 2149 3158 v.
2170 3115 2227 3158 43
2258 3117 2365 3158 voltu
2392 3120 2431 3158 et
2456 3128 2542 3169 per,

341 3200 415 3244 pro
445 3192 554 3231 coitu
581 3201 668 3243 per.
729 3189 820 3230 Jam
851 3191 983 3231 omnia
1014 3201 1125 3243 sana,
1165 3188 1308 3242 lueida,
1339 3189 1550 3242 praeclara
1580 3188 1769 3230 evadunt.
1832 3190 1916 3231 Sed
1948 3201 2117 3232 neeesse
2144 3195 2211 3232 est
2249 3195 2370 3232 totam
2417 3191 2547 3232 looem

342 3266 570 3307 acenratins
606 3264 864 3317 inspiciamus
879 3277 887 3304 ε
