2939 3782
1211 157 1594 208 .-.15..

354 294 593 339 quamquam
625 284 813 326 Horatius
842 284 1001 326 minime
1032 280 1168 324 dubito
1199 283 1293 336 quin
1325 283 1376 324 de
1407 282 1652 323 Athenarum
1684 289 1783 321 arce
1813 279 1867 320 ita
1897 278 2006 332 loqui
2036 278 2219 333 potnerit,
2249 278 2284 319 si
2315 287 2394 332 quo
2425 287 2549 320 sensu

348 358 419 400 alii
450 362 594 412 poetae
623 366 725 399 vooe
753 358 912 410 pumice
941 365 1219 410 nonnusquam
1248 359 1405 397 utantur
1435 354 1642 396 recordor.
2424 345 2427 348 ’

728 476 738 482 ,
767 430 832 484 12,
862 442 899 472 v.
933 429 984 472 13
1017 429 1123 482 Quid
1150 432 1278 483 prius,
1309 429 1389 479 die,
1421 439 1544 482 quam
1573 426 1703 468 solitis
1731 427 1940 478 parentem

1015 502 1237 544 laudibus?

487 577 555 620 Sic
585 578 689 620 enim
721 581 838 631 poeta
869 577 978 631 loqui
1008 575 1186 619 videtur:
1218 572 1323 623 Quid
1352 574 1475 628 priuS,
1502 572 1577 627 dic,
1605 573 1732 627 Musa,
1764 582 1919 614 sumam
1941 570 2236 626 celebrandum,
2268 582 2386 626 quam
2407 571 2547 615 Jovem

351 652 482 695 solitis
513 650 731 695 laudibus?
793 649 1042 705 Quamquam
1086 648 1136 691 de
1177 649 1415 690 necessitate
1453 645 1623 688 dubitari
1653 648 1797 700 potest,
1841 655 1928 687 cum
1960 644 2048 687 cod.
2081 644 2220 687 Bland.
2255 646 2548 689 vetustissimus

351 727 413 769 sic
445 725 613 768 habeat:
1194 736 1196 738 >

1018 794 1124 847 Quid
1151 797 1268 848 prius
1297 794 1433 836 dicam
1462 794 1590 834 solitis
1619 794 1801 845 parentis

1017 867 1237 909 laudibus?

487 944 612 995 Quam
649 945 869 997 lectionem,
911 943 946 984 si
987 942 1129 984 statuis
1168 939 1333 983 liberius
1374 938 1674 995 quodammodo
1718 944 1876 993 poetam
1909 939 2148 983 Graecorum
2180 939 2368 994 loquendi
2398 951 2546 982 morem

354 1021 546 1062 imitatum
578 1029 681 1073 esse,
712 1016 967 1072 splendorem
999 1014 1198 1068 quendam
1237 1014 1386 1056 habere
1417 1015 1556 1068 negari
1585 1014 1739 1067 nequit.
1800 1013 1882 1056 Sed
1914 1024 2002 1056 cum
2035 1016 2158 1055 ceteri
2188 1015 2304 1056 codd.
2334 1018 2548 1068 parentum

357 1092 542 1147 habeant,
572 1104 674 1135 unus
705 1091 886 1132 Bentleio
915 1094 1078 1131 auctore
1107 1093 1326 1141 petreusem,
1371 1090 1506 1130 tacere
1536 1099 1615 1129 non
1648 1090 1770 1141 potui,
1814 1090 1907 1142 quin
1940 1090 1999 1141 ‘in
2040 1099 2184 1142 magna
2216 1090 2291 1131 hac
2321 1089 2547 1132 diversitate

357 1177 444 1209 cum
474 1166 656 1209 lectionis
687 1169 766 1207 tum
798 1162 1153 1217 interpretationis’
1184 1163 1282 1204 viris
1313 1162 1440 1205 doctis
1470 1163 1708 1204 sententiam
1741 1172 2022 1216 proponerem.

861 1249 899 1278 v.
932 1237 980 1278 31
1016 1247 1138 1290 quam
1170 1236 1211 1277 di
1239 1237 1409 1287 voluere,
1441 1240 1563 1289 ponto

1016 1310 1127 1353 unda
1156 1311 1360 1365 recumbit,
1391 1309 1397 1313 '

352 1396 484 1441 neque
515 1395 612 1428 vero

1012 1459 1123 1512 quod
1150 1461 1212 1500 sic
1240 1459 1412 1507 voluere,
1443 1462 1566 1511 ponto

352 1543 536 1587 quaeque
582 1532 661 1574 alia
707 1531 876 1586 legenda
920 1534 993 1575 viri
1041 1531 1149 1574 docti
1193 1531 1326 1574 adhuc
1371 1535 1602 1574 statuerunt.
1675 1531 1774 1573 Nam
1808 1530 1987 1585 ‘turbant
2025 1531 2089 1574 bic
2129 1533 2267 1575 mirum
2308 1534 2348 1574 in
2388 1533 2546 1576 modum

349 1607 513 1650 codices
527 1608 547 1647 ἐ
589 1609 685 1661 quia
713 1610 786 1655 sic,
828 1606 1036 1672 quod'sie,
1079 1617 1177 1647 nam
1207 1608 1279 1656 sie,
1323 1606 1429 1659 quod
1455 1607 1503 1655 si,
1545 1606 1653 1659 quod
1691 1608 1751 1646 sic
1792 1606 1848 1646 dii
1887 1609 1958 1647 etc.
2020 1605 2103 1647 Sed
2144 1605 2271 1660 vides,
2312 1606 2417 1648 unde
2448 1607 2547 1649 illud

352 1683 393 1724 di
423 1682 688 1724 hauserimus.
748 1664 939 1721 Posuisse
979 1684 1100 1732 poeta
1139 1677 1293 1721 videtur
1331 1679 1491 1720 voluere
1530 1688 1555 1718 a
1584 1678 1757 1725 volvere,
1802 1683 1971 1731 quatuor
2001 1678 2172 1731 syllabis
2203 1679 2416 1733 legendnm
2447 1682 2549 1722 sicut

346 1755 486 1813 legisti
515 1755 683 1805 soluere,
724 1755 866 1803 siluae,
909 1754 1102 1811 euoluere,
1136 1752 1226 1794 alia.
1288 1750 1404 1800 Quod
1435 1762 1553 1804 quem
1593 1751 1704 1805 fugit,
1735 1762 1824 1794 eum
1857 1754 1917 1793 sic
1946 1753 2207 1795 immiscuisse
2239 1758 2547 1796 consentaneum

348 1832 430 1881 est,
482 1825 587 1868 unde
637 1825 742 1866 facta
793 1829 853 1866 est
902 1824 1116 1865 lectionum
1162 1825 1238 1865 ista
1283 1824 1451 1865 variatio
1499 1828 1540 1865 ct
1585 1823 1843 1877 perturbatio.
1918 1824 2007 1866 Jam
2052 1836 2150 1867 vero
2194 1828 2321 1880 siquis
2366 1833 2547 1882 quaerat,

347 1910 440 1942 num
476 1903 650 1941 statuere
690 1898 808 1941 liceat
841 1897 1041 1939 Horatium
1072 1899 1259 1951 posuisse
1290 1898 1450 1952 uoluere
1476 1897 1655 1951 formam,
1694 1908 1798 1951 quae
1832 1903 2027 1952 congruat
2059 1909 2145 1941 cum
2184 1899 2360 1953 perfecto
2390 1901 2548 1943 voluere

346 1984 371 2015 a
412 1974 530 2024 velle,
578 1972 705 2013 lateor
750 1972 940 2027 ingenue,
987 1982 1050 2013 me
1096 1971 1254 2026 quidem
1303 1971 1407 2014 hanc
1450 1971 1616 2013 formam
1667 1972 2050 2026 circumspicientem
2096 1972 2228 2015 adhuc
2277 1983 2354 2015 non
2395 1971 2545 2028 depre-

350 2047 554 2089 hendisse.
607 2046 742 2100 ltaqne
764 2056 835 2100 per
866 2046 1108 2100 hypothesin
1139 2046 1272 2089 malim
1303 2045 1631 2100 emendationem,
1662 2056 1768 2100 quae
1802 2056 2022 2100 permagna
2054 2048 2221 2089 veritate
2252 2052 2291 2089 et
2320 2046 2544 2102 probabili-

345 2125 427 2164 tate
458 2122 691 2174 ceteroquin
719 2120 1029 2174 commendatur‚
1061 2130 1298 2174 proponere.
1359 2120 1461 2162 Nam
1491 2121 1676 2163 evolvere
1706 2131 1731 2162 a
1761 2126 1883 2174 poeta
1913 2121 2133 2175 protectum
2165 2132 2256 2164 esse
2287 2121 2435 2165 idcirco
2465 2133 2543 2165 non

346 2196 476 2238 ausim
507 2196 715 2249 suspicari,
746 2196 838 2249 quia
870 2195 945 2237 hoo
975 2194 1100 2237 verbo
1131 2196 1285 2238 nonnisi
1316 2206 1439 2238 sensu
1469 2195 1644 2250 paullum
1681 2195 1856 2250 diverso,
1889 2201 2080 2249 quantum
2101 2197 2260 2250 quidem
2283 2198 2378 2251 scio,
2409 2199 2543 2252 scrip-

345 2273 453 2311 tores
484 2272 656 2310 utnntur.
717 2267 903 2310 Ceterum
934 2270 970 2310 si
1001 2269 1132 2311 locum
1162 2274 1297 2311 nostra
1327 2270 1481 2311 ratione
1514 2271 1734 2311 restitutum
1770 2269 2051 2323 contemplaris
2076 2272 2113 2311 si
2144 2281 2264 2323 quam
2296 2270 2348 2312 ad
2380 2271 2545 2325 undam,

344 2344 448 2384 sicut
480 2353 553 2395 par
584 2346 655 2396 est,
686 2341 901 2384 referendo
931 2347 1136 2384 venustam
1166 2354 1322 2385 mecum
1352 2342 1563 2385 verborum
1596 2343 1903 2384 collocationem
1934 2342 2208 2385 admiraberis.

479 2428 517 2457 v.
551 2416 605 2457 35
636 2418 793 2458 catenis
822 2417 1075 2458 nobilitatum
1104 2416 1348 2470 (Regulum),
1379 2427 1457 2457 non
1489 2416 1656 2458 Catonis
1676 2417 1811 2458 nobile
1831 2417 1966 2458 letum.
2018 2415 2098 2458 Sed
2128 2421 2249 2458 totum
2281 2418 2410 2459 locum
2441 2429 2543 2460 con-

346 2489 554 2545 templare,
585 2489 743 2544 qualem
773 2500 799 2532 a
829 2494 949 2544 poeta
978 2489 1198 2544 profectum
1230 2500 1322 2533 esse
1351 2491 1584 2532 statuimus·

878 2564 1087 2606 Romulum
1117 2569 1209 2617 post
1238 2565 1312 2606 bos
1343 2564 1455 2618 prius
1485 2575 1534 2606 ac
1564 2565 1738 2618 quietum

878 2638 1046 2692 Pompili
1077 2649 1242 2693 regnum
1264 2649 1489 2681 ‘memorem
1521 2649 1569 2681 ac
1599 2637 1801 2692 superbos

875 2712 1067 2766 Tarquini
1096 2711 1242 2767 fasces,
1272 2711 1418 2767 dubito,
1449 2723 1498 2753 an
1530 2713 1681 2754 catenis

1011 2784 1256 2828 nobilitatum

879 2860 1072 2914 Regulum
1104 2864 1145 2901 et
1175 2859 1352 2903 Scauros
1382 2865 1456 2902 etc.

344 2942 434 2974 nam
469 2932 791 2986 depravationem
833 2934 1004 2987 duplicis
1035 2945 1086 2976 ae
1115 2935 1156 2975 in
1186 2945 1255 2985 an,
1298 2934 1405 2988 qnod
1435 2934 1556 2988 vulgo
1587 2934 1746 2989 legitur,
1787 2945 1838 2976 ex
1868 2935 2026 2988 reliqua
2058 2934 2281 2988 corruptela
2311 2935 2543 2976 necessario

342 3010 475 3050 natam
515 3016 627 3050 esse·
650 3017 724 3062 pro
756 3006 1063 3050 certo-habeas.
1127 3006 1264 3062 ltaque
1293 3011 1414 3061 poeta
1443 3011 1653 3062 postquam
1689 3007 1799 3051 Deos
1830 3007 2058 3067 heroesque
2103 3006 2332 3062 celebravit,
2373 3007 2543 3051 haesitat

342 3080 562 3136 paullulum
594 3082 833 3137 quamtum,
868 3085 998 3126 utrum
1028 3092 1158 3137 reges,
1198 3091 1250 3124 an
1290 3091 1387 3125 vero
1416 3082 1524 3125 viros
1565 3082 1604 3125 in
1636 3093 1680 3126 re
1711 3081 1873 3136 publica
1904 3080 2034 3125 libera
2064 3080 2299 3137 praeclaros
2328 3080 2542 3135 praedicet

343 3153 579 3210 Paullatim,
609 3156 781 3211 inquam,
817 3165 909 3199 nam
940 3166 1020 3211 quo
1050 3157 1206 3200 animus
1235 3155 1406 3210 inclinet,
1436 3155 1554 3199 facile
1585 3160 1769 3211 apparet,
1802 3166 1890 3200 curn
1922 3155 2075 3201 alteros
2104 3154 2384 3200 memorandos
2412 3154 2543 3210 modo,

342 3227 494 3273 alteros
523 3230 668 3284 insigni
706 3239 873 3274 camena
914 3229 1148 3275 referendos
1178 3228 1296 3273 dicat.
1359 3227 1439 3273 Sed
1471 3228 1623 3273 videsis
1655 3240 1735 3285 quo
1769 3240 1858 3274 cum
1894 3231 2077 3274 acumine
2106 3230 2302 3284 superbos
2329 3227 2464 3282 fasces
2492 3239 2542 3272 eo
