2939 3782
17 1165 21 1174 ,
14 1102 17 1107 ι
14 1061 18 1068 -
13 837 22 1040 mi
17 783 21 806 μ.
15 654 21 763 ---,,--ζ
12 482 19 640 *n—r-——umr
12 243 20 472 -ν--σ--νω-υ

1503 172 1765 222 -8—

515 293 797 349 persuadebis,
828 294 999 335 alterum
1032 294 1160 347 plura,
1195 297 1315 336 immo
1346 306 1513 348 prorsas
1542 296 1623 336 alia
1655 297 1818 337 vidisse.
1872 296 1923 338 Ut
1943 298 2012 350 qui
2033 297 2238 350 planitiem
2259 298 2462 351 quandam
2482 302 2740 352 prospiciens

515 369 595 412 ian
625 372 720 412 aute
751 368 1000 421 compertum
1032 366 1168 423 ubet,
1200 368 1400 412 bominem
1431 377 1606 423 peregre
1635 370 2025 424 appropinquantem
2056 372 2135 420 iam
2156 372 2318 425 iamque
2339 374 2742 427 appariturumeene,

515 441 693 486 celerius
724 452 803 484 non
835 440 956 485 mode
985 443 1166 496 speciem
1197 441 1412 485 buranam
1446 442 1607 497 videbit,
1637 443 1711 487 sed
1738 445 1860 488 etiarn
1881 444 1949 498 qui
1970 446 2021 486 sit
2043 450 2273 500 cognoscet,
2302 447 2364 488 sio
2382 447 2500 488 etiam
2522 449 2592 501 qui
2615 447 2742 492 libros

515 517 677 569 inspicit
719 516 857 558 multis
899 516 1001 557 locis
1043 515 1252 569 obscuros,
1296 517 1508 570 mutilatos,
1550 517 1814 571 depravatos,
1851 518 1887 559 si
1928 518 2029 560 satis
2068 523 2133 558 est
2174 517 2353 561 doctrina
2394 525 2432 561 et
2472 521 2510 562 vi
2540 519 2741 569 divinandi

517 592 734 632 instructus
766 600 858 645 oum
890 591 989 631 sciat
1021 591 1236 643 aniuioque
1270 592 1504 645 praecipiat,
1535 590 1632 644 quid
1664 602 1826 645 quoque
1847 590 1937 635 loco
1958 596 2066 634 recte
2089 590 2170 644 legi
2190 593 2331 646 possit,
2362 592 2458 646 quid
2487 605 2576 647 nou,
2606 605 2740 648 eaque

516 665 651 707 οιιιιιι
671 659 718 706 ἐν
741 661 805 717 τῷ
824 659 975 718 καιρῷ
995 669 1125 706 mente
1158 664 1473 718 comprehendat
1505 671 1545 707 et
1577 664 1805 719 perlustret,
1835 664 1994 708 facilins
2024 664 2255 709 sexcenties
2282 670 2321 709 et
2341 666 2513 712 celerius
2545 668 2741 722 disputet,

517 735 614 791 quid
655 736 731 778 sibi
776 736 898 778 velint
940 736 996 779 illi
1040 734 1286 779 calamorum
1330 736 1472 780 ductus
1511 738 1601 780 aliis
1643 737 1882 780 mortalibus
1923 743 2042 780 nocte
2071 740 2159 780 sive
2189 738 2290 781 velis
2331 738 2496 782 obtenti.
2564 739 2741 795 Quipp03

516 811 645 854 selem
678 813 783 853 enim
816 813 909 866 quis
939 812 1027 854 sine
1059 811 1145 854 sole
1180 809 1321 854 videt?
1377 812 1514 865 ltaque
1546 812 1804 855 veliementer
1836 822 1899 854 me
1930 812 2094 865 quidem
2125 817 2288 855 auctore
2320 814 2742 868 exoptandumesaet,

517 891 559 929 ut
589 896 667 928 non
699 886 943 928 amederent
974 886 1026 928 ad
1059 886 1162 929 lianc
1193 888 1330 939 operis
1363 892 1516 940 partem
1549 888 1622 929 viri
1655 889 1798 929 mentis
1827 888 1929 928 aciei
1962 887 2199 940 lippitudine
2228 892 2271 928 et
2301 888 2486 930 tarditate
2506 889 2742 942 praepediti,

517 960 590 1004 sed
625 961 693 1014 qui
726 959 891 1003 alteram
923 958 1057 1003 etiam'
1078 962 1314 1015 tertiamque
1347 966 1502 1014 partem
1534 959 1729 1014 deinceps
1758 960 1928 1014 aggredi
1950 965 2129 1014 possent.
2181 961 2325 1004 Verum
2349 961 2426 1005 noc
2448 963 2596 1005 eratin
2619 965 2741 1010 votis;

518 1035 620 1078 sicut
654 1035 781 1078 cuivis
813 1044 891 1077 non
922 1033 1014 1078 licet
1046 1033 1158 1077 adire
1181 1033 1426 1088 Corinthum,
1459 1036 1511 1077 ita
1542 1036 1708 1090 saepius
1738 1045 1812 1077 usu
1848 1036 1965 1089 venit,
1998 1041 2038 1077 ut
2070 1036 2137 1089 qui
2170 1034 2351 1076 doctrina
2383 1040 2421 1075 et
2453 1038 2613 1091 ingenio
2643 1039 2743 1076 satis

518 1111 579 1151 est
610 1108 834 1161 instructus,
867 1106 1011 1160 opibus
1043 1106 1148 1152 idem
1180 1113 1219 1150 et
1250 1109 1331 1150 otio
1363 1112 1432 1150 aut
1464 1108 1592 1161 gratia
1626 1108 1829 1151 bominum
1859 1110 2076 1162 potentium
2108 1115 2256 1171 careat,
2293 1109 2439 1162 quibus
2470 1119 2573 1162 opus
2594 1116 2658 1151 est
2692 1111 2743 1151 ad

516 1179 682 1224 codices
713 1181 1036 1235 peregrinatione
1068 1179 1173 1224 tacta
1206 1179 1479 1235 inspiciendos
1511 1185 1578 1225 aut
1610 1179 1803 1225 emendos
1835 1185 1902 1224 aut
1944 1180 2157 1224 collatione
2199 1191 2271 1235 per
2312 1181 2431 1224 aliurn
2476 1181 2578 1224 lacta
2622 1193 2744 1225 usur—

522 1253 689 1308 pandos.
755 1254 950 1298 Videlicet
981 1255 1179 1308 ingeniosi
1212 1265 1289 1298 non
1322 1259 1411 1297 sunt
1444 1255 1563 1298 iidem
1596 1264 1756 1309 semper
1788 1256 1996 1309 pecuniosi
2038 1264 2169 1309 neque
2211 1264 2305 1297 vero
2346 1257 2452 1309 grati
2497 1261 2536 1296 et
2577 1259 2742 1310 accepti,

520 1331 639 1372 immo
673 1340 769 1371 vero
802 1329 938 1372 ludum
972 1327 1172 1382 quendam
1205 1328 1400 1372 interdum
1432 1329 1615 1371 fortunae
1659 1327 1955 1382 deprehendas,
1997 1339 2101 1382 quae
2142 1329 2307 1383 pinguia
2347 1331 2479 1372 omnia
2522 1340 2610 1373 cum
2653 1329 2743 1372 aliis

515 1401 671 1445 dederit
709 1405 871 1456 ingenio
904 1414 982 1445 non
1015 1408 1197 1457 excepto,
1242 1403 1346 1457 aliis,
1390 1405 1427 1444 in
1459 1401 1608 1457 quibus
1652 1401 1758 1445 haud
1799 1404 1918 1457 pauci
1961 1403 2151 1456 magistri,
2194 1403 2286 1444 nihil
2329 1404 2478 1456 pingue
2520 1405 2743 1463 concessit:

518 1475 627 1530 quod
658 1482 787 1518 utrum
820 1478 1046 1530 malignius,
1088 1488 1139 1518 an
1172 1487 1269 1518 vero
1301 1476 1514 1529 benignius
1547 1477 1613 1518 illa
1646 1478 1780 1531 iaciat,
1810 1487 2037 1530 suspensus
2067 1476 2255 1530 equidem
2298 1477 2553 1529 philosophis
2595 1477 2742 1519 decer-

518 1549 692 1593 nendum
724 1551 918 1605 relinquo.
980 1549 1234 1604 Quamquam
1268 1550 1413 1592 multos
1444 1550 1559 1592 aliter
1589 1552 1740 1593 sentire
1771 1561 1895 1604 supra
1927 1549 2020 1603 dixi,
2051 1551 2204 1603 quippe
2226 1552 2293 1603 qui
2318 1550 2498 1592 homines
2522 1550 2744 1602 prudentes

517 1623 645 1677 probe
687 1626 879 1678 noverim,
923 1625 991 1678 qui
1031 1625 1159 1666 satius
1201 1634 1297 1666 esse
1338 1628 1525 1677 statuant,
1567 1626 1652 1665 viro
1696 1624 1764 1677 qui
1804 1633 1885 1666 nou
1925 1624 2002 1665 nisi
2043 1624 2181 1676 legere
2223 1634 2272 1664 ac
2313 1623 2548 1666 describere
2590 1624 2744 1665 litteras

516 1702 706 1740 accurate
738 1696 932 1752 didicerit,
964 1696 1219 1740 membranas
1251 1697 1556 1752 pertractandas
1588 1697 1873 1752 commendari,
1905 1699 2003 1752 quia
2034 1699 2108 1740 viri
2140 1697 2257 1750 docti,
2289 1699 2324 1739 si
2356 1696 2475 1740 iidem
2506 1700 2585 1738 sint
2622 1698 2743 1750 inge-

517 1774 632 1826 niosi,
664 1772 773 1825 quod
804 1773 889 1814 fleri
931 1782 1032 1815 sane
1076 1778 1220 1825 potest,
1262 1771 1563 1825 suspicionibus
1605 1779 1644 1813 et
1684 1772 1941 1825 opinionibus
1971 1772 2089 1814 facile
2132 1771 2194 1813 vel
2237 1770 2509 1823 imprudentes
2552 1776 2591 1812 et
2636 1772 2743 1812 iuviti

518 1844 712 1890 ducantur
743 1848 889 1899 potiuS,
919 1856 1042 1897 quam
1076 1847 1136 1896 iis,
1168 1855 1274 1896 quae
1306 1845 1493 1885 subiecta
1520 1847 1602 1884 sint
1633 1846 1772 1886 oculis.
1834 1845 1952 1884 Haud
1984 1844 2176 1895 pugnabo
2199 1855 2288 1885 eum
2311 1843 2403 1893 illis,
2421 1843 2615 1894 ⁴viderint,
2650 1841 2745 1893 quid

518 1917 739 1973 proficiant,
776 1916 867 1962 dum
898 1916 947 1960 lis
990 1916 1066 1960 sub
1099 1916 1231 1960 iudice
1274 1917 1335 1971 sit,
1377 1916 1453 1959 sed
1498 1917 1574 1961 noc
1615 1916 1708 1958 milii
1750 1914 1917 1958 concedi
1955 1920 1995 1957 et
2036 1914 2255 1957 condonari
2298 1913 2429 1967 velim,
2471 1913 2579 1967 quod
2622 1924 2745 1966 supra
2827 1937 2834 1941 -

518 1992 664 2047 monui,
697 2001 774 2035 non
807 2000 912 2046 opus
945 2000 1038 2034 esse
1070 1989 1123 2034 ad
1155 1994 1280 2033 artem
1314 1990 1491 2033 criticam
1523 1988 1803 2044 exercendam,
1845 1991 1923 2031 tuis
1966 1990 2093 2042 ipsum
2137 1988 2263 2031 oculis
2305 1989 2437 2029 omnia
2468 1988 2621 2039 intueri,
2669 1987 2744 2026 sed

519 2077 580 2118 ea,
613 2076 718 2119 quae
750 2065 830 2117 ulii,
862 2063 1011 2118 quibus
1043 2063 1162 2105 fldem
1196 2063 1337 2104 baberi
1371 2063 1434 2104 fas
1465 2067 1538 2117 est,
1571 2064 1829 2116 protulerunt,
1872 2064 2028 2104 ratione
2062 2062 2235 2115 quadam
2269 2067 2306 2101 et
2338 2062 2517 2101 sollertia
2550 2063 2587 2099 in
2625 2072 2741 2102 usum

521 2145 563 2182 et
594 2140 764 2182 fructum
796 2143 904 2181 tuum
936 2142 1185 2181 convertere.
1511 2125 1517 2130 ’

658 2213 808 2267 Restat,
838 2218 879 2254 ut
911 2223 1016 2266 quae
1047 2213 1125 2254 sint
1155 2211 1377 2264 singularia
1410 2217 1448 2252 et
1469 2210 1687 2264 peculiaria
1709 2212 1805 2253 artis
1828 2215 1991 2252 nostrae
2021 2214 2251 2263 praecepta,
2283 2208 2473 2262 deinceps
2506 2212 2742 2261 exponatur.

523 2289 714 2342 Sequitur
744 2288 875 2341 igitur,
908 2292 948 2330 ut
988 2285 1230 2340 emendatio,
1271 2284 1321 2328 de
1363 2287 1477 2328 cuius
1519 2286 1759 2328 necessitate
1800 2289 1838 2326 et
1881 2285 2046 2326 veritate
2077 2293 2317 2337 persuasum
2350 2282 2555 2335 habemus,
2598 2282 2744 2323 simili-

519 2361 694 2406 tudinem
727 2362 847 2405 etiam
889 2371 987 2414 prae
1018 2370 1063 2403 se
1094 2360 1197 2403 ferat
1228 2370 1377 2413 eorum,
1410 2370 1516 2415 quae
1548 2358 1690 2403 tradita
1722 2365 1824 2414 sunt,
1869 2358 1906 2402 id
1948 2363 2022 2413 est,
2054 2363 2096 2401 ut
2126 2359 2239 2412 ipsae
2271 2358 2425 2400 litterae
2457 2355 2744 2398 emendationis

521 2448 640 2490 quam
673 2437 855 2490 proxime
887 2434 1083 2478 accedant
1111 2433 1164 2477 ad
1194 2445 1278 2488 eas,
1310 2446 1415 2488 quae
1448 2434 1675 2488 corruptela
1707 2421 1973 2478 continentur.
2037 2430 2126 2483 Qua
2158 2431 2207 2476 de
2230 2443 2274 2474 re
2298 2434 2365 2486 qui
2387 2433 2545 2474 omnino
2567 2431 2745 2473 iudicare

521 2510 605 2555 vult
636 2515 675 2552 et
705 2514 894 2562 statuere,
925 2520 1017 2551 eum
1048 2513 1207 2562 oportet
1236 2507 1611 2563 palaeograpniam,
1643 2519 1762 2562 quam
1793 2507 1937 2562 dicunt,
1971 2511 2157 2549 accurate
2188 2508 2389 2560 cognitam
2421 2504 2583 2558 habere,
2617 2510 2659 2546 ut
2680 2509 2748 2546 aut

521 2585 609 2638 ipse
652 2582 804 2636 viderit,
851 2582 960 2636 quali
1009 2582 1252 2624 calamorum
1296 2581 1427 2634 ductu,
1474 2580 1619 2636 quibus
1660 2583 1787 2635 signis
1828 2586 1868 2623 et
1910 2581 2014 2624 notis
2057 2585 2234 2623 veterum
2280 2580 2527 2633 singularum
2573 2583 2746 2620 aetatum

523 2656 704 2700 codicum
737 2657 933 2699 vocabula
965 2658 1115 2710 scripta
1147 2658 1234 2709 sint,
1270 2662 1336 2698 aut
1369 2656 1419 2698 ab
1442 2657 1531 2698 aliis
1555 2659 1593 2698 in
1616 2657 1691 2698 boc
1712 2667 1863 2709 genere
1885 2658 2056 2698 versatis
2080 2654 2275 2697 didicerit.
2337 2652 2453 2702 Quod
2473 2659 2515 2694 ut
2535 2652 2746 2705 plurimum

523 2731 617 2774 tacit
647 2731 699 2774 ad
731 2737 857 2773 artem
890 2732 964 2773 rite
996 2717 1045 2773 et*
1067 2737 1176 2773 certa
1208 2731 1384 2786 quadam
1417 2734 1481 2773 via
1511 2741 1562 2772 ac
1592 2731 1683 2784 lege
1714 2729 1994 2783 exercendam,
2024 2731 2079 2769 ita
2101 2729 2332 2770 necessaria
2355 2733 2415 2768 est
2437 2727 2539 2769 liaeo
2560 2728 2747 2779 cognitio,

520 2808 556 2848 si
587 2810 697 2849 recte
730 2811 769 2848 et
801 2808 904 2849 iuste
936 2804 986 2848 de
1018 2805 1369 2856 emendationibus
1400 2806 1569 2848 aliorum
1602 2805 1780 2846 iudicare
1812 2803 1925 2844 velis.
1987 2801 2102 2852 Quod
2133 2802 2255 2856 quale
2285 2804 2338 2843 sit
2370 2807 2411 2842 ut
2430 2801 2573 2842 melius
2594 2800 2745 2841 intelli-

522 2885 652 2935 gatur,
683 2882 825 2935 paucis
856 2881 1057 2935 exemplis
1089 2890 1114 2922 e
1147 2867 1464 2934 palaeographia
1499 2880 1619 2921 latina
1649 2880 1784 2933 petitis
1815 2875 2057 2931 explanabo.

659 2954 873 2999 ‘testantur
905 2956 1024 3008 igitur
1056 2960 1181 3009 atque
1209 2955 1410 2997 affirmant
1444 2957 1518 2997 viri
1549 2954 1665 3007 docti,
1698 2956 1737 2995 in
1768 2954 1932 3006 scriptis
1964 2953 2129 2993 vetustis
2149 2955 2179 2992 ti
2200 2957 2239 2993 et
2260 2964 2286 2992 u
2308 2952 2473 3000 (tinctus
2497 2966 2545 2987 --
2572 2955 2747 3000 unctus),

524 3041 565 3070 m
596 3035 636 3071 et
666 3032 708 3072 in
739 3040 831 3072 cum
860 3035 1049 3085 punctum
1082 3041 1207 3083 supra
1241 3030 1413 3073 litteram
1446 3032 1461 3072 ι’
1491 3028 1640 3072 abesse
1670 3028 1814 3082 soleat,
1844 3026 1964 3070 facile
1995 3024 2195 3080 conlundi,
2227 3027 2346 3068 immo
2378 3026 2499 3067 etiam
2529 3036 2586 3073 m,
2618 3026 2673 3074 tu,
2708 3025 2749 3063 u!

526 3114 603 3146 non
637 3105 710 3145 nisi
744 3105 942 3147 contentis
975 3105 1104 3146 oculis
1137 3116 1260 3157 posse
1291 3105 1488 3157 dignosci,
1517 3103 1798 3157 synaloephen
1831 3108 1976 3154 autem,
2021 3112 2100 3155 qua
2142 3112 2221 3142 una
2261 3099 2421 3153 syllaba
2463 3099 2749 3152 pronuntiatur,

525 3188 615 3222 oum
648 3178 752 3222 duae
783 3178 927 3230 adsint,
969 3189 1059 3220 eam
1102 3181 1345 3233 saepissime
1376 3180 1455 3219 vim
1488 3177 1651 3231 habere,
1696 3182 1737 3217 ut
1767 3188 1903 3217 merae
1945 3175 2133 3230 syllabae
2175 3180 2245 3215 aut
2283 3173 2521 3226 compendio
2566 3177 2750 3215 notentur

526 3258 595 3296 aut
636 3263 734 3295 vero
774 3254 909 3296 notula
953 3253 1086 3298 deleta
1125 3254 1212 3295 sive
1258 3254 1446 3306 neglecta
1492 3262 1660 3305 prorsus
1707 3252 1949 3293 omittantur.-
2012 3250 2150 3302 ltaque
2198 3261 2275 3290 non
2324 3249 2455 3290 solum
2501 3248 2750 3298 mediam'pe
