2939 3782
1342 182 1606 263 ‘',9—

375 304 563 350 scribitur
592 314 666 360 pro
697 305 832 347 media
860 309 1010 360 arripe,
1043 305 1115 349 sed
1154 316 1243 349 cum
1274 307 1451 363 accedat,
1492 313 1534 350 ut
1562 308 1693 349 littera
1733 318 1773 349 m
1813 307 1969 360 virgula
2011 312 2158 349 tantum
2197 317 2373 360 superne
2406 309 2576 360 notetur,

374 380 487 424 idom
513 381 635 423 etiam
664 378 787 423 scribi
817 383 951 435 potest
990 391 1062 435 pro
1097 380 1275 424 mediam
1303 384 1451 435 arripe.
1512 379 1581 424 Sic
1619 382 1724 424 celer
1753 381 1844 423 aeis
1883 385 1951 422 aut
1989 380 2093 422 celer
2122 391 2238 423 avem
2278 379 2401 423 scribi
2445 384 2578 434 potest

375 462 451 508 pro
480 455 650 496 ceta-em
682 456 792 505 ἀυὲε,
836 454 1004 496 celerem
1044 462 1172 497 avem.
1237 454 1332 497 lude
1371 456 1461 497 sine
1500 453 1622 497 dnbio
1661 454 1809 497 tactum
1850 459 1923 507 est,
1967 465 2057 496 cum
2096 465 2175 507 que
2212 459 2406 507 sequente
2447 454 2578 496 vocali

375 527 616 582 conpendio
645 540 681 582 q.
717 532 930 580 notaretur,
962 534 1004 570 ut
1034 527 1143 582 quod
1174 528 1248 570 viri
1279 527 1401 570 docti*
1417 527 1624 582 affirmant,
1654 531 1747 570 nota
1777 531 2045 570 evanescente
2076 532 2145 569 ant
2174 526 2360 580 neglecta
2385 526 2517 571 multis
2538 528 2579 570 in

376 600 479 645 lucis
498 601 575 656 que
594 582 852 645 omitteretur.
905 603 1042 658 ltaque
1072 613 1110 645 e.
1133 612 1168 645 c.
1200 601 1405 645 Bentleius
1436 602 1517 656 legi
1547 601 1673 645 voluit
1701 605 1868 656 postque
1897 604 2080 656 equitem,
2112 599 2181 645 ubi
2202 599 2326 655 vulgo
2347 600 2471 644 fertur
2489 603 2581 654 pose

376 676 559 729 equitem.
621 674 758 717 Facile
788 679 921 718 autem
951 675 1045 718 licet
1074 675 1285 730 suspicari,
1315 674 1422 716 idem
1453 673 1639 717 accidere
1669 676 1852 729 potuisse
1883 673 2060 715 relativis
2090 676 2171 727 φᾶ,
2204 685 2308 727 quae
2334 678 2421 726 etc„
2454 677 2495 714 ut
2530 674 2581 714 iis

376 750 543 791 omissis
572 749 748 791 nonnihil
779 749 1032 804 corruptelae
1061 750 1101 792 in
1119 752 1276 804 'poetas
1296 750 1503 810 irreperet.
1549 748 1677 792 Simili
1707 750 1861 791 ratione
1892 747 2048 802 accidit,
2079 753 2122 789 ut
2151 747 2267 789 litera
2296 760 2336 788 m
2363 746 2582 789 absorbeat

377 825 421 866 in
452 828 492 866 et
520 827 558 866 et
588 824 775 866 continuo
802 831 992 878 sequens,
1024 833 1106 878 quo
1134 825 1260 867 fretus
1290 824 1495 868 Bentleius
1525 835 1563 868 e.
1594 836 1631 867 c.
1661 824 1743 878 legi
1773 824 1896 866 voluit
1926 823 2238 867 inverecundum
2270 821 2476 864 Bacchum
2506 832 2580 876 pro

377 895 609 941 verecundo
629 901 711 940 etc.
764 897 938 952 Saepius
969 895 1143 952 denique
1172 899 1315 953 evenit,
1344 904 1388 941 ut
1417 899 1571 953 primae
1593 907 1780 942 versuum
1801 897 1957 940 litterae
1980 898 2101 940 minio
2122 901 2264 952 postea
2286 895 2578 938 describendae

367 970 670 1034 emitterentur.
1039 967 1042 971 ’

512 1043 563 1086 Et
603 1044 703 1087 baec
743 1043 903 1098 quidem
946 1044 1119 1099 exempli
1159 1045 1289 1099 gratia
1330 1046 1406 1089 boc
1447 1045 1539 1088 loco
1579 1045 1779 1100 descripta
1820 1055 1909 1088 cum
1931 1044 2227 1086 ’adumbratam
2270 1045 2443 1097 exiguae
2473 1046 2581 1082 certe

379 1117 506 1171 partis
549 1116 764 1171 imaginem
806 1115 1031 1172 exhibeant,
1068 1116 1256 1161 suitlcere
1294 1117 1411 1163 simul
1451 1117 1635 1162 videntur
1674 1118 1727 1162 ad
1771 1117 2060 1161 aestimandam
2092 1126 2230 1157 earum
2261 1115 2580 1155 emendationum

380 1199 484 1245 quas
523 1190 628 1234 intra
669 1191 891 1246 proponam
920 1190 1230 1236 simflitudinem.
1294 1192 1472 1236 Vidimus
1513 1194 1645 1249 igitur,
1686 1192 2003 1234 emendationem
2044 1192 2106 1234 cni
2149 1190 2345 1233 calculum
2386 1197 2582 1243 apponas,

306 1267 317 1276 ‘
381 1264 651 1309 commendari
682 1271 871 1320 oportere
901 1276 926 1308 a
957 1267 1210 1321 necessitate,
1252 1267 1431 1323 veritate,
1471 1265 1744 1311 similitudine.
1808 1265 2005 1322 Sequitur,
2046 1266 2121 1308 nisi
2161 1274 2259 1307 casn
2299 1262 2473 1318 quodam
2513 1265 2583 1303 ant

380 1339 535 1381 incuria
566 1338 833 1394 corruptelam
861 1339 1006 1382 factam
1036 1350 1131 1383 esse
1159 1340 1468 1384 'existimandum
1498 1341 1561 1395 sit,
1594 1346 1790 1384 ut‘causa
1811 1338 2034 1395 probabilis
2054 1343 2249 1392 emergat,
2279 1347 2360 1391 qua
2383 1336 2431 1378 de
2456 1345 2581 1377 causa

380 1411 534 1455 librarii
565 1415 749 1456 commoti
779 1414 994 1467 genuinam
1024 1406 1235 1457 lectionem
1265 1417 1605 1471 commutaverint,
1636 1416 1896 1470 corruperint,
1926 1415 1968 1456 id
2000 1413 2107 1468 qnod
2139 1413 2179 1454 in
2211 1413 2371 1454 raritate
2397 1410 2580 1464 plerum-

383 1497 462 1541 que
494 1488 579 1529 sive
611 1486 841 1530 difficultate
871 1487 1045 1542 quadarn
1078 1489 1190 1532 vocis
1220 1493 1288 1532 aut
1316 1491 1624 1533 constructionis
1656 1500 1840 1544 quaeque
1871 1494 1963 1532 sunt
1983 1488 2063 1530 alia
2082 1487 2200 1529 huius
2220 1486 2382 1540 generis
2410 1484 2580 1537 positum

380 1565 454 1614 est,
486 1571 576 1602 cum
606 1559 699 1603 boni
731 1561 913 1604 homines
943 1563 1079 1605 vitium
1107 1561 1186 1605 sibi
1216 1564 1419 1618 corrigere
1449 1563 1690 1606 viderentur.
1752 1563 1916 1605 Talibus
1947 1561 2307 1615 interpretamentis
2338 1564 2390 1613 et,
2427 1558 2463 1599 si
2494 1556 2582 1598 deis

382 1633 531 1688 piacet,
571 1633 886 1678 correctionibus
925 1635 1048 1678 multa
1086 1634 1281 1679 filtrorum
1321 1636 1466 1680 menda
1506 1636 1645 1680 deberi
1685 1641 1853 1679 constat.
1913 1635 2038 1691 ldque
2078 1645 2158 1677 non
2194 1633 2323 1676 solum
2353 1642 2378 1673 a
2408 1630 2581 1673 librariis

382 1708 506 1749 medii
538 1710 639 1761 aevi,
673 1708 748 1750 sed
777 1708 829 1750 ab
856 1709 1083 1752 bominibus
1112 1712 1303 1764 opinione
1326 1714 1636 1768 praeoccupatis
1664 1715 1809 1764 postea
1840 1720 2001 1764 quoque
2041 1710 2187 1751 iactum
2219 1718 2311 1750 esse
2342 1715 2581 1759 persuasum

382 1777 560 1820 habeo.‘
592 1775 647 1819 ita
676 1780 792 1819 enim·
812 1778 999 1832 nonnulli,
1029 1778 1098 1833 qni
1127 1779 1254 1822 critici
1283 1788 1411 1835 nuper
1439 1780 1690 1823 habebantur
1720 1788 1759 1823 et
1789 1780 2137 1835 praedicabantur,
2167 1791 2258 1821 nam
2281 1779 2331 1821 de
2351 1779 2580 1820 novissimis

380 1860 486 1895 nunc
515 1850 675 1907 quidem
706 1861 786 1894 nou
816 1852 969 1909 loquor,
989 1855 1045 1895 'in
1075 1853 1322 1910 corrigendis
1351 1854 1616 1911 scriptoribus
1646 1854 1946 1910 grassabantur,
1987 1865 2076 1897 cum
2115 1854 2249 1908 legum
2290 1852 2580 1907 grammatica-

379 1934 476 1980 rum,
507 1926 771 1980 metriearum,
802 1925 971 1969 aliarum
1000 1927 1249 1971 sanctitatem
1279 1930 1418 1972 nescio
1448 1938 1567 1984 quam
1598 1939 1699 1984 prae
1728 1940 1775 1972 se
1806 1930 1965 1985 terrent,
1996 1938 2100 1983 quae
2131 1937 2209 1969 non
2230 1927 2345 1981 leges
2370 1925 2579 1979 interdum,

379 1998 454 2041 sed
475 1992 610 2041 mera‘e
632 2001 841 2053 opiniones
863 2006 985 2055 erant,
1017 2006 1060 2043 ut
1090 2003 1166 2043 nisi
1196 2002 1478 2056 impedimenta
1510 2004 1645 2046 studio
1676 2015 1812 2046 eorum
1845 2010 1884 2045 et
1915 2003 2112 2045 audaciae
2133 2003 2398 2052 obstruantur,
2429 2002 2578 2041 timen—

381 2070 475 2115 dum
519 2073 593 2127 sit,
639 2084 689 2115 ne
731 2074 949 2127 scriptores
1000 2073 1052 2118 ab
1094 2076 1201 2118 omni
1243 2080 1357 2131 parte
1397 2075 1634 2132 perturbati,
1678 2077 1884 2132 maculati,
1930 2086 2097 2131 prorsus
2144 2075 2370 2118 commutati
2406 2071 2579 2115 evadant

382 2146 634 2201 nimiumque,
667 2147 775 2201 quod
806 2149 912 2191 vires
943 2149 1137 2193 humanas
1167 2149 1347 2205 excedat,
1378 2150 1616 2194 emendandi
1646 2151 1895 2206 sanandiqne
1924 2162 2028 2206 opus
2059 2151 2281 2205 posteritati
2316 2148 2576 2202 relinquatur.

380 2220 599 2263 Praeclare
630 2221 749 2275 igitur
778 2232 941 2265 munere
970 2223 1203 2277 perfunctus
1232 2225 1318 2280 erit,
1349 2226 1418 2279 qui
1447 2226 1682 2280 scriptorem
1712 2227 1912 2280 antiquum
1936 2236 1961 2268 a
1990 2224 2157 2268 maculis
2178 2224 2264 2266 istis
2290 2221 2578 2276 fraudibusque

385 2293 656 2351 vindicaverit,
687 2296 753 2350 qni
785 2295 1116 2342 demonstraverit
1146 2302 1186 2341 et
1215 2297 1547 2355 comprobaverit,
1578 2311 1602 2342 a
1632 2298 1805 2343 librariis
1836 2299 1899 2343 vel
1933 2301 2027 2343 viris
2059 2299 2301 2342 doctissimis
2333 2301 2441 2339 certa
2471 2286 2580 2351 qn'a-

384 2367 473 2412 dam
505 2368 555 2411 de
586 2380 720 2424 causa,
751 2370 824 2413 sed
857 2370 959 2414 salsa
991 2371 1054 2414 vei
1084 2371 1191 2415 hand
1220 2371 1417 2427 probabili
1447 2384 1583 2433 veram
1605 2374 1681 2418 loci
1701 2374 1911 2418 lectionem
1934 2385 2039 2428 quae
2060 2372 2336 2416 emendatione
2357 2372 2579 2414 continetur

381 2443 420 2484 in
462 2443 728 2498 corruptelam
770 2454 863 2487 esse
905 2455 1155 2489 conversam.
1226 2445 1435 2490 Cumulum
1475 2447 1543 2490 ille
1589 2449 1769 2503 protecto
1810 2448 2010 2504 quendam
2053 2449 2203 2490 virtutis
2243 2451 2282 2488 et
2321 2445 2577 2500 perfectionis

384 2516 501 2559 affert
531 2516 809 2572 emendationi,
840 2529 929 2560 cnm
960 2518 1013 2560 ad
1044 2508 1320 2562 necessitatem
1353 2521 1525 2563 accedat
1555 2524 1671 2576 quasi
1702 2521 1965 2576 probabilitas
1992 2522 2192 2576 quaedam
2216 2525 2264 2574 et,
2297 2529 2423 2574 prope
2456 2519 2578 2561 dixe-

382 2592 468 2646 rim,
499 2593 721 2634 necessitas
753 2595 1025 2646 corruptionis.
1086 2593 1222 2636 Habes
1253 2597 1383 2650 igitur,
1424 2602 1465 2638 ut
1495 2596 1731 2640 brevissime
1763 2600 2019 2652 complectar,
2061 2595 2208 2650 quibus
2240 2601 2429 2649 tanquam
2461 2593 2582 2634 certis

383 2664 604 2707 rationibus
643 2672 681 2707 et
723 2666 881 2720 legibus
912 2666 962 2708 de
991 2667 1170 2721 qualibet
1200 2669 1478 2711 emendatione
1509 2663 1761 2713 iudicandum
1794 2673 1878 2725 erit,
1925 2677 2094 2725 quatuor
2124 2671 2248 2722 locos,
2288 2670 2580 2718 necessitatem,

388 2741 606 2796 veritatem,
637 2740 940 2796 similitudinem,
971 2741 1304 2796 probabilitatem.
1364 2742 1477 2793 Quos
1512 2746 1547 2788 si
1579 2745 1619 2786 in
1659 2745 1870 2787 iudicando
1913 2744 2135 2799 adhibebis,
2177 2754 2254 2784 non
2293 2752 2431 2783 omnes
2463 2740 2580 2781 simul

388 2813 536 2869 ubique
566 2816 728 2858 virtutes
758 2825 888 2871 neque
919 2811 1016 2858 vero
1046 2816 1227 2871 singulas
1258 2817 1398 2860 eadem
1426 2821 1465 2862 vi
1486 2825 1526 2861 et
1547 2830 1679 2874 aequo
1701 2821 1881 2874 pondere
1903 2821 2079 2873 insignes
2100 2818 2247 2860 adesse
2268 2820 2581 2859 consentaneum

385 2892 448 2929 est
477 2911 532 2918 —
564 2889 759 2932 interdum
791 2892 894 2932 enim
926 2890 1032 2945 quod
1063 2893 1132 2933 alii
1161 2891 1254 2934 loco
1283 2892 1431 2935 deesse
1461 2894 1628 2949 videtur,
1665 2895 1768 2937 alins
1799 2894 1850 2936 ad
1881 2892 2202 2948 persuadendum
2235 2890 2393 2933 abunde
2423 2900 2581 2944 suppe-

385 2960 484 3004 ditat
517 2988 591 3017 —,
624 2964 744 3007 immo
774 2975 871 3007 vero
900 2975 979 3008 non
1011 2964 1153 3008 desunt
1181 2966 1353 3009 virorum
1385 2965 1590 3010 doctorum
1622 2967 1934 3022 emendationes,
1970 2979 2073 3023 quae
2106 2979 2183 3010 una
2214 2976 2433 3021 permagna
2465 2965 2582 3007 unius

385 3036 466 3079 loci
499 3039 643 3081 virtute
673 3041 845 3081 omnium
877 3040 1204 3094 approbationem
1235 3046 1375 3083 nactae
1405 3047 1507 3097 sunt,
1539 3053 1626 3084 cum
1658 3045 1781 3084 ceteri
1822 3046 1898 3086 etsi
1940 3054 2017 3102 npn
2057 3043 2313 3084 vehementer
2356 3051 2428 3082 eas
2465 3050 2580 3081 com-

386 3112 585 3166 mendant,
617 3114 711 3153 nibil
746 3120 876 3155 tamen
908 3114 1079 3156 habeant
1108 3116 1293 3170 criminis,
1325 3127 1404 3170 quo
1435 3117 1671 3157 infestentur
1701 3123 1768 3158 ant
1799 3118 2046 3158 damnentur.

518 3186 687 3229 Jamiam
720 3199 770 3229 ex
802 3188 961 3231 schedis
990 3191 1092 3231 meis
1123 3178 1349 3243 complures
1380 3190 1530 3233 Horatii
1563 3202 1666 3245 quae
1697 3203 1771 3246 per
1802 3194 2073 3234 coniecturam
2106 3192 2234 3232 tactae
2265 3194 2357 3231 sunt
2384 3187 2581 3228 emenda-

385 3262 516 3303 tiones
558 3260 786 3316 depromam
829 3265 866 3305 in
907 3269 987 3306 tres
1025 3264 1180 3306 classes
1211 3263 1456 3306 distributas.
1518 3263 1695 3314 Quarum
1726 3277 1827 3320 quas
1859 3268 1985 3320 prima
2016 3266 2222 3318 alteraque
2255 3266 2467 3316 continent,
2509 3272 2581 3314 per

2309 3345 2328 3375 3
