2939 3782
264 3133 295 3157 ἴ

1286 213 1670 264 -16-.

325 341 417 382 loco
447 338 638 392 posuerit,
680 349 762 392 quo
806 339 986 391 protinus
1027 340 1158 382 omnis
1200 339 1411 384 haesitatio
1450 345 1494 383 et
1535 339 1737 387 fluctuatio
1773 343 1888 397 regia
1919 342 1996 387 liac
2024 342 2217 399 superbia
2247 346 2543 402 extinguntur.

325 413 561 469 Sequuntur
584 413 707 467 igitur
737 413 826 466 ipsa
858 413 920 456 rei
950 411 1140 467 publicae
1171 413 1331 469 lumina,
1362 415 1402 457 iu
1433 413 1577 470 quibus
1598 415 1778 472 Regulus
1798 417 1951 460 catonis
1972 416 2202 462 nobilitatus
2222 420 2392 474 primum
2413 421 2544 465 locutu

324 488 490 532 obtinet.
549 487 640 529 Jam
680 498 782 530 vero
825 499 903 530 non
949 487 1101 543 dubito,
1145 490 1243 543 quin
1284 491 1414 533 omnis
1444 488 1641 534 dubitatio
1671 501 1780 545 quae
1809 493 1938 545 possit
1975 491 2026 534 de
2055 492 2121 537 bis
2150 493 2287 537 verbis
2326 494 2477 539 oboriri
2506 498 2545 540 vi

326 564 501 605 veritatis
531 561 811 614 absorbeatur,
843 572 972 614 quare
1007 562 1101 603 nibil
1135 574 1186 603 ex
1217 563 1381 605 schedis
1402 562 1522 606 addo.
1574 563 1734 607 Scimus
1754 570 1889 608 autom
1912 563 2117 620 Catonem,
2149 578 2269 621 quem
2300 569 2422 611 nimia
2454 581 2544 613 cum

326 636 549 691 pertinacia
580 636 712 678 locum
743 645 859 677 suum
895 638 935 676 in
966 636 1055 677 soro
1087 636 1268 678 Romano
1298 638 1464 690 saepius
1495 635 1718 679 obtinuisse
1747 649 1880 680 rerum
1912 640 2130 693 scriptores
2161 646 2333 697 narrant,
2365 653 2390 685 a
2417 642 2544 686 Bent-

326 712 406 753 leio
447 722 498 752 ex
539 711 615 751 lioo
656 709 813 751 demum
863 709 956 751 loco
995 721 1153 752 summo
1195 711 1282 752 iure
1319 709 1525 753 detrusum
1554 721 1661 764 esse,
1703 710 1777 753 sed
1818 722 1936 764 quam
1976 713 2109 757 attulit
2151 713 2255 758 idem
2296 716 2542 773 medicinam,

326 795 455 839 nemo,
487 788 678 837 quantum
711 786 814 837 novi,
846 784 1041 837 probavit.
1105 785 1164 824 De
1208 796 1258 825 ac
1290 785 1376 836 ipse
1409 795 1513 826 nunc
1543 784 1706 835 videas;
1738 784 1861 837 liquet
1893 787 1996 827 euim
2027 797 2152 829 causa
2185 794 2233 843 et,
2264 800 2393 844 prope
2423 791 2542 834 dixe-

326 860 425 912 rim,
443 859 669 900 necessitas
702 857 1018 911 depravationis.
1098 883 1112 898 .

867 944 903 972 v.
939 933 993 973 14
1300 933 1432 983 primo
1462 932 1550 972 iens

1026 1007 1121 1045 limo
1152 1004 1342 1046 inchoato
1376 1037 1383 1044 .
1418 1035 1428 1044 .
1462 1035 1495 1054 .,
1532 1015 1610 1046 non
1640 1008 1818 1057 principi

1299 1079 1395 1121 limo
1425 1082 1601 1121 coactus.

466 1154 644 1196 Coactus
676 1153 769 1207 quid
801 1153 876 1196 sibi
913 1154 1019 1207 velit,
1061 1153 1169 1207 quod
1210 1153 1370 1207 quidem
1403 1155 1662 1196 vetustissimi
1706 1155 1945 1207 interpretes
1985 1167 2057 1208 per
2088 1160 2223 1199 iussus
2262 1146 2478 1212 explicant,
2519 1170 2544 1202 e

330 1229 579 1283 mythologie
611 1239 690 1269 non
721 1228 925 1268 enucleari
967 1237 1091 1280 posse
1132 1227 1313 1269 Bentleio
1355 1233 1461 1269 totus
1492 1230 1704 1270 assentior.
1765 1226 1867 1269 Nam
1902 1228 1971 1270 illa
2001 1233 2218 1285 sententia,
2251 1231 2541 1287 Prometheum,

330 1315 418 1347 cum
451 1303 576 1345 semel
610 1304 881 1344 constituisset
906 1302 1112 1358 ,hominem
1144 1301 1314 1355 tingere,
1358 1301 1460 1343 banc
1500 1302 1693 1344 rationem
1734 1302 1833 1344 inire
1876 1307 2057 1345 coactum
2089 1314 2203 1359 esse,
2245 1306 2360 1348 nimis
2400 1306 2545 1361 frigida

331 1378 502 1419 videtur.
565 1376 844 1417 Prometheum
877 1377 995 1428 igitur
1027 1379 1162 1416 noster
1193 1380 1341 1428 narrat,
1371 1380 1585 1428 postquam
1616 1374 1750 1420 limum
1782 1378 1949 1428 primum
1981 1377 2263 1433 inchoavisset,
2294 1382 2417 1422 ivisse
2453 1381 2545 1424 buio

329 1449 485 1492 addere
515 1448 735 1504 particulas
767 1448 868 1489 illas.
930 1446 1045 1496 Quod
1079 1449 1173 1501 quid
1207 1450 1270 1501 sit,
1310 1451 1369 1488 ire
1409 1459 1498 1488 cum
1530 1447 1717 1489 infinitivo
1749 1459 1838 1490 cum
1869 1448 1995 1501 probe
2026 1453 2147 1505 scias,
2186 1454 2381 1506 exemplis
2423 1456 2543 1508 igitur

332 1524 549 1567 afferendis
580 1522 843 1577 supersedeo,
885 1523 978 1564 huic
1019 1523 1108 1563 loco
1141 1521 1601 1564 accommodatissimum
1632 1532 1725 1564 esse
1757 1533 1836 1565 non
1867 1525 2050 1578 negabis.
2111 1524 2295 1568 Ceterum
2338 1527 2389 1570 ci.
2422 1526 2542 1582 Prop.

332 1599 400 1640 lib.
433 1599 496 1653 til,
530 1599 566 1652 3,
599 1610 637 1638 v.
669 1598 746 1639 89:
780 1596 815 1638 Ο
845 1600 981 1649 prima
1012 1597 1154 1638 infelix
1184 1596 1349 1649 fingenti
1380 1601 1485 1638 terra
1519 1596 1769 1639 Prometheo.

638 1671 706 1724 28,
738 1683 775 1711 v.
811 1671 866 1712 25
898 1671 934 1711 si
966 1670 1253 1723 (quodcunque
1282 1669 1419 1711 Eurus
1448 1669 1681 1718 minabitur,

898 1744 1026 1786 silvae
1052 1744 1280 1795 plectantur
1310 1747 1347 1785 lc
1376 1745 1538 1795 sospite,
1570 1744 1775 1797 mutaque
1805 1732 1959 1787 merces

899 1819 970 1859 tibi
1001 1816 1177 1869 defluat)
1511 1830 1513 1833 ·
1540 1861 1542 1864 ,

897 1902 972 1933 nec
1004 1892 1137 1942 legum
1167 1891 1379 1932 mmeritis
1408 1891 1639 1932 nomam

900 1965 1111 2018 postmodo
1142 1968 1180 2006 te
1207 1964 1317 2006 natis
1346 1962 1535 2016 fraudem
1567 1965 1814 2006 committere
1840 1961 1985 2016 sortem

966 2040 1101 2083 debila
1130 2041 1226 2080 ima
1256 2041 1453 2092 cicaniae,
1489 2038 1673 2090 superbe,

1099 2115 1138 2154 ee
1166 2116 1362 2154 maneant
1391 2115 1541 2165 imum.

464 2190 688 2245 vulgatam,
718 2188 856 2243 sodes,
888 2189 975 2242 ipse
1006 2187 1150 2229 adeas.
1214 2187 1319 2228 Nihil
1350 2186 1471 2240 addo,
1502 2188 1596 2240 quia
1628 2187 1769 2240 paucis
1801 2188 1869 2229 vix
1897 2185 2056 2230 absolvi
2085 2190 2234 2242 potest„

902 2264 969 2317 32,
1000 2275 1038 2304 v.
1068 2265 1087 2303 1
1125 2263 1302 2304 Roscida
1330 2262 1463 2316 siquid
1492 2264 1613 2305 vacui
1641 2261 1716 2305 sub
1746 2264 1878 2310 ann-o,

1126 2346 1205 2379 non
1235 2338 1455 2389 poscimus.

467 2410 613 2454 Oscido
646 2414 715 2465 qui
748 2412 895 2453 invenit
926 2400 1024 2454 cum*
1042 2411 1141 2466 quid
1172 2415 1282 2453 esset
1313 2414 1528 2465 ignoraret,
1557 2412 1762 2462 pascimin
1792 2410 2042 2463 periclitatus
2063 2415 2138 2453 est.
2191 2408 2308 2460 Quod
2327 2411 2546 2464 proclivius

332 2487 415 2540 fuit,
445 2488 482 2529 si
511 2489 591 2529 iam
623 2486 769 2529 umbra
799 2484 1014 2540 legebatur
1045 2496 1119 2540 pro
1151 2489 1284 2536 antro,
1322 2490 1389 2527 aut
1418 2486 1454 2527 si
1483 2485 1690 2527 roscidum
1720 2488 1896 2538 antrum,
1926 2483 2036 2538 quod
2077 2484 2224 2538 legitur
2254 2483 2366 2539 apud
2392 2490 2547 2540 poetaS,

332 2561 534 2615 cognitum
566 2570 645 2602 non
680 2558 870 2602 habebat.
932 2560 1037 2602 Fieri
1069 2570 1230 2615 quoque
1261 2560 1400 2614 potuit,
1431 2564 1473 2601 ut
1503 2563 1678 2601 attentus
1708 2558 1941 2613 sciolusque
1971 2557 2170 2614 librarius,
2201 2560 2316 2602 cuius
2346 2560 2470 2602 menti
2493 2570 2547 2602 ex

332 2634 602 2690 praecedente
645 2635 821 2677 carmine
864 2633 963 2677 illud
992 2637 1129 2689 poscis
1159 2633 1457 2687 obversaretur,
1488 2635 1696 2687 poscimus
1724 2634 1812 2677 sive
1851 2635 2058 2687 posonium
2089 2632 2281 2676 audacter
2311 2633 2544 2676 intruderet.

335 2708 438 2759 Quid
469 2711 573 2751 enim
604 2709 661 2751 illi
693 2719 771 2750 non
804 2710 1052 2763 potuerunt?

840 2795 879 2825 v.
915 2784 967 2825 15
1005 2782 1267 2836 nitidumque,
1302 2792 1380 2825 nou
1412 2781 1513 2824 milti
1541 2792 1708 2836 mque.

739 2856 806 2910 35,
839 2869 878 2897 v.
914 2857 968 2898 16
1349 2855 1528 2909 franyat,

1009 2934 1046 2971 tc
1075 2942 1235 2973 servam
1266 2934 1309 2972 ut
1340 2932 1464 2972 anteit
1495 2942 1625 2973 saeva
1645 2932 1880 2980 necessum,

334 3016 417 3046 nou
454 3015 641 3057 semper,
681 3014 811 3057 neque
854 3014 952 3047 vero
990 3015 1110 3047 serva
1151 3006 1385 3047 necessitas.
1457 3002 1629 3058 Saepius
1672 3002 1830 3057 accidit,
1877 3008 1920 3046 ut
1959 3002 2069 3057 quod
2110 3014 2187 3057 pro
2226 3003 2337 3046 varia
2377 3003 2548 3046 lectio-e

335 3077 522 3120 vocabuli
552 3077 732 3130 traditur,
763 3076 818 3121 ad
847 3076 958 3121 aliud
987 3075 1233 3121 vocabulum
1262 3075 1519 3121 referendum
1547 3077 1613 3121 sit.
1673 3076 1812 3132 ltaque
1843 3077 2043 3131 suspicari
2071 3076 2174 3132 licet,
2205 3087 2299 3121 cuni
2324 3087 2449 3119 cern
2474 3087 2549 3132 pro

335 3153 449 3193 varia
467 3151 663 3195 docrinae
691 3162 819 3194 sm
848 3149 1052 3194 vocabulo
1079 3149 1349 3206 adscribatur,
1390 3151 1593 3205 pertinere
1633 3149 1732 3194 illud
1760 3150 1818 3194 ad
1845 3160 2017 3205 senivor,
2058 3150 2170 3206 quod
2210 3151 2277 3193 vix
2307 3150 2387 3194 dici
2416 3154 2551 3205 potest

336 3235 457 3278 quam
488 3224 634 3279 frigide
662 3225 741 3268 boo
772 3225 863 3269 loco
891 3226 1065 3280 positum
1096 3227 1161 3279 sit,
1190 3236 1281 3267 curn
1312 3235 1483 3267 saevam
1507 3226 1789 3269 mussitatum
1806 3234 1927 3268 neno
1945 3224 2175 3269 mortalium
2193 3224 2385 3271 infestare
2403 3225 2548 3279 pomi·

333 3299 428 3342 ,lani
466 3310 564 3342 vero
604 3300 708 3353 vide,
752 3305 942 3354 quantam
982 3299 1154 3343 salutem
1195 3298 1438 3354 qualemque
1480 3298 1719 3343 medicinam
1749 3300 1820 3343 tou·
1851 3298 1945 3344 leco
1977 3297 2237 3353 difficillimo,
2274 3299 2344 3353 qui
2373 3299 2550 3343 virenti
