2939 3782
1311 148 1576 199 ,6.-

328 274 553 318 diiudicare
597 275 707 329 velit,
757 280 887 317 utrum
930 275 1128 318 sententia
1170 274 1369 330 quaedam
1410 276 1499 318 sive
1530 273 1769 318 vocabulum
1812 285 1901 318 cum
1943 277 2151 328 scriptoris
2191 277 2363 331 ingenio,
2405 285 2552 336 aetate,

325 355 479 403 genere
509 348 700 404 loquendi
722 359 908 405 quaeque
939 355 1032 393 sunt
1053 349 1133 394 alia
1154 350 1275 394 liuius
1295 351 1469 405 generiS,
1491 353 1688 404 congruat
1710 350 1872 392 necne?
1901 350 1968 404 qni
1989 348 2148 404 deinde,
2179 351 2287 393 side
2309 354 2549 396 necesitate

326 423 620 466 emendationis
661 435 779 467 nemo
821 425 1051 468 mortalium
1092 429 1159 479 qui
1201 425 1363 479 quidem
1404 426 1510 479 sapit
1552 423 1840 467 dubitationem
1882 427 2026 478 movet,
2069 427 2303 478 excogitare
2342 428 2472 479 possit
2508 433 2551 469 et

327 506 557 552 proponere
588 496 748 551 audeat,
791 497 899 552 qnod
939 499 1178 552 scriptorem
1220 499 1313 542 olim
1355 500 1486 552 ipsum
1517 497 1670 541 dixisse
1701 498 2008 541 existimandum
2039 488 2123 541 sit‘)
2183 498 2272 548 Qua
2303 502 2342 541 in
2372 512 2418 542 re
2448 513 2547 554 prae

325 573 473 615 ceteris
515 571 650 616 videat
692 582 862 616 necesse
895 578 968 626 est,
1009 578 1053 616 ut
1094 571 1319 616 emendatio
1361 571 1470 626 quod
1511 573 1650 615 attinet
1689 571 1743 615 ad
1784 574 2034 627 sententiani,
2074 572 2127 615 ad
2167 574 2330 627 linguae
2370 576 2548 617 rationes

326 645 522 700 legesque
555 646 851 700 grammaticas,
885 646 1119 699 rhetoricas,
1150 648 1337 690 metricas
1370 657 1624 700 nequaquam
1656 646 1846 699 offendat,
1878 652 1919 689 ut
1948 646 2105 701 eadem,
2134 658 2240 701 qnae
2270 651 2434 702 propria
2455 655 2548 691 sunt
2583 680 2589 690 .

326 719 443 763 buius
473 720 686 773 scriptoris
719 721 890 775 eiusque
921 720 1075 775 aetatis,
1115 730 1222 774 qnae
1264 720 1414 763 cadunt
1454 722 1492 762 in
1534 720 1611 763 boc
1651 721 1881 774 scriptionis
1910 710 2132 775 genus,‘in
2175 718 2237 764 se*
2252 726 2465 777 contineat,
2495 735 2547 765 ne

323 795 475 837 veritas
507 793 814 849 emendationis,
844 795 904 837 sio
934 795 1038 837 enim
1070 794 1174 837 lianc
1203 795 1389 837 virtutem
1412 797 1521 836 recte
1543 793 1759 848 designare
1781 793 1971 849 videmur,
1999 795 2042 836 in
2063 794 2225 838 dubium
2247 798 2393 838 vocari·
2406 799 2546 850 possit.

323 867 413 910 Jam
445 879 497 910 ex
530 868 594 910 bis
626 879 729 921 quae
762 868 934 910 diximus
966 868 1055 910 luce
1088 868 1237 909 clarius
1268 870 1436 919 emergit
1468 873 1508 909 et
1539 873 1660 922 extat,
1702 872 1849 922 quanta
1891 867 2074 911 doctrina
2115 881 2218 923 opus
2250 873 2301 912 sit
2330 870 2381 911 ad
2413 876 2546 913 statn-

324 942 470 985 endum
504 943 556 984 (le
588 944 832 984 necessitate
864 949 903 984 et
933 943 1102 984 veritate
1134 941 1434 995 emendationis,
1475 941 1675 996 siquidem
1715 945 1979 984 ante‘omnia
2020 945 2257 997 scriptorem
2302 947 2463 997 penitus
2492 944 2544 986 ab

324 1016 509 1060 omnibus
539 1009 724 1069 partibus
756 1017 958 1069 cognitum
990 1018 1159 1069 eiusque
1191 1017 1405 1069 ingenium,
1442 1015 1620 1068 virtutes,
1652 1016 1924 1068 proprietates
1954 1024 2170 1069 perspecta
2202 1017 2342 1059 baberi
2373 1029 2543 1060 necesse

323 1096 396 1144 est,
439 1090 479 1131 id
522 1089 631 1143 qnod
662 1090 747 1131 fieri
778 1100 856 1131 non
888 1094 1032 1143 potest,
1074 1091 1150 1132 nisi
1182 1090 1301 1132 totius
1333 1090 1476 1131 aetatis
1508 1100 1586 1131 non
1618 1089 1748 1132 solum
1780 1090 1956 1143 cognitio
1979 1092 2216 1145 accesserit,
2257 1092 2331 1133 sed
2374 1093 2543 1135 aliarum

321 1164 442 1207 etiam
475 1169 664 1218 aetatum,
696 1174 864 1218 quarum
895 1165 1118 1218 scriptores
1149 1165 1216 1217 qni
1249 1163 1429 1206 eiusdem
1461 1165 1624 1218 generis
1654 1168 1747 1206 sunt
1766 1167 1933 1218 saepius
1954 1175 2044 1207 cnm
2067 1165 2135 1207 illo
2156 1170 2247 1208 sunt
2269 1167 2542 1220 comparandi.

323 1240 540 1281 Praeterea
573 1238 721 1280 multae
754 1241 791 1279 in
823 1239 993 1291 singuiis
1035 1238 1329 1290 cognoscendis
1366 1245 1404 1278 et
1436 1238 1688 1291 explicandis
1720 1239 1973 1280 difficultates
2004 1250 2049 1279 sc
2080 1240 2285 1294 praebent,
2328 1251 2432 1294 quae
2465 1252 2543 1282 ex-

320 1311 447 1366 pediri
481 1312 590 1354 nullo
623 1313 745 1354 modo
776 1318 957 1366 possunt,
993 1313 1067 1354 nisi
1099 1311 1283 1354 omnibus
1315 1323 1419 1365 quas
1450 1311 1624 1354 diximus
1655 1312 1900 1367 philologiae
1933 1312 2123 1367 partibus,
2164 1316 2199 1355 si
2242 1325 2321 1356 non
2351 1321 2542 1372 accurato

320 1392 359 1428 et
390 1386 559 1428 assiduo
590 1386 725 1428 studio
757 1389 1024 1440 pertractatis,
1065 1392 1107 1427 at
1147 1392 1255 1428 certe
1292 1387 1507 1440 diligenter
1537 1387 1804 1439 perlustratis.
1865 1387 2092 1429 Permultae
2123 1398 2249 1441 saepe
2282 1390 2542 1442 quaestiones

318 1458 563 1514 oboriuntur,
605 1459 657 1502 ad
701 1471 804 1514 quas
835 1459 1109 1502 absolvendas
1142 1461 1332 1514 nistoriis,
1372 1460 1539 1515 artibus,
1572 1463 1719 1504 ceteris
1752 1461 1974 1515 disciplinis
2007 1461 2199 1504 abstineri
2242 1468 2427 1517 nequeat,
2468 1473 2543 1505 nec

316 1532 403 1574 fleri
435 1538 581 1588 potest,
611 1535 707 1586 quin
738 1535 967 1575 sexcenties
998 1532 1167 1575 haesitet
1198 1540 1239 1575 et
1269 1538 1416 1577 misere
1448 1534 1669 1586 fluctuetur,
1701 1537 1777 1577 nisi
1809 1537 1875 1589 qni
1908 1545 1956 1576 ea
1989 1540 2098 1596 certe
2120 1521 2299 1578 doctrina
2329 1538 2542 1579 instructus

315 1608 368 1649 ad
400 1619 545 1649 munus
576 1619 692 1649 suum
725 1610 954 1662 accesserit,
986 1619 1065 1662 qua
1097 1608 1256 1662 singula
1288 1621 1487 1664 quaeque,
1521 1610 1666 1664 quibus
1698 1610 1849 1664 ubique
1881 1616 2013 1665 egeat,
2042 1611 2149 1652 unde
2182 1611 2342 1653 tandem
2374 1611 2541 1666 hauriat,

316 1687 563 1735 compertum
596 1681 732 1723 habet.
794 1683 1011 1723 Enimvero
1041 1684 1173 1723 omnia
1207 1684 1309 1724 haec
1340 1685 1603 1726 iustrumenta
1635 1688 1676 1725 et
1707 1683 1935 1726 adiumenta
1966 1683 2061 1726 nibil
2095 1683 2316 1739 proliciunt,
2352 1684 2429 1727 nisi
2461 1693 2541 1738 quo

315 1756 409 1798 loeo
440 1761 480 1797 et
510 1761 711 1797 momento
742 1765 841 1798 usus
873 1764 1013 1798 eorum
1045 1760 1084 1797 et
1115 1755 1333 1809 indigentia
1365 1758 1557 1812 evenerit,
1587 1763 1754 1811 praesto
1784 1759 1864 1800 sint
1883 1757 2087 1811 mentique
2108 1763 2331 1812 occurrant,
2362 1757 2403 1799 id
2429 1757 2541 1812 quod

315 1830 511 1885 singulari
543 1830 705 1872 demum
735 1829 776 1872 tit
806 1830 957 1883 ingenii
989 1827 1224 1882 sagacitate,
1256 1837 1361 1881 quae
1394 1827 1561 1882 propria
1592 1834 1655 1870 est
1675 1830 1794 1871 tinius
1813 1832 1985 1882 generis,
2015 1836 2057 1870 et
2078 1833 2298 1870 memoriae
2319 1831 2539 1872 celeritate.

316 1904 456 1960 ltaque
499 1903 715 1948 Bentleius'
748 1903 908 1957 peracri
949 1901 1100 1946 iudicio
1143 1900 1238 1945 dicit
1280 1912 1383 1955 opus
1425 1911 1519 1945 esse
1553 1907 1594 1944 et
1623 1893 1842 1956 ἀγχινοίᾳ,
1882 1901 2083 1944 divinandi
2121 1900 2295 1954 quadam
2326 1904 2469 1956 peritia
2501 1911 2542 1945 et

312 1977 518 2036 μαντικῇ,
554 1989 663 2034 quae
698 1976 806 2022 nulla
843 1975 1056 2021 laborandi
1089 1977 1309 2031 pertinacia
1346 1977 1503 2020 vitaeve
1546 1976 1837 2031 longinquitate
1872 1978 2025 2030 acquiri
2063 1979 2229 2029 possint,
2262 1978 2337 2019 sed
2371 1984 2540 2020 naturae

311 2053 438 2098 solius
469 2064 636 2097 munere
666 2051 945 2107 nascendique
976 2051 1166 2096 felicitate
1198 2053 1443 2106 contingant.
1505 2050 1649 2106 Neque
1680 2063 1777 2094 vero
1809 2051 2069 2093 vehementer
2100 2051 2376 2105 adversamur,
2406 2052 2539 2106 siquid

311 2128 446 2185 bonae
484 2128 669 2171 fortunae
710 2126 963 2171 tribuendum
994 2138 1089 2170 esse
1121 2128 1342 2170 censueris.
1407 2124 1589 2169 Omnium
1623 2128 1739 2179 enim,
1772 2136 1876 2180 quae
1908 2127 2118 2180 ingeniose
2150 2123 2328 2180 quolibet
2360 2127 2397 2167 in
2430 2127 2539 2168 litte—

310 2215 445 2246 rarum
487 2205 712 2257 artiumque
757 2213 909 2256 genere
950 2204 1166 2255 gignuntur
1206 2206 1244 2242 et
1292 2202 1562 2256 proteruntur,
1612 2202 1760 2243 trustra
1802 2202 1983 2254 protecto
2025 2202 2202 2242 ultimam
2243 2211 2364 2254 quam
2407 2200 2540 2242 dicunt

311 2289 490 2332 causam,
531 2277 721 2332 radicem,
767 2278 914 2320 iontem
957 2277 1177 2330 investiges
1218 2281 1257 2317 et
1297 2275 1528 2330 perquiras·
1611 2275 1769 2318 Adsunt
1821 2279 1989 2330 repente
2041 2275 2205 2329 igniculi
2256 2274 2324 2329 iiii,
2375 2275 2537 2328 semina,

310 2354 459 2396 lumina
501 2353 745 2395 sublimioris
787 2353 934 2405 ingenii
977 2361 1109 2405 neque
1150 2361 1249 2391 vero
1287 2349 1394 2391 unde
1424 2350 1605 2403 prolecta
1637 2351 1726 2405 sint,
1767 2350 1992 2403 luculenter
2021 2359 2197 2403 unquam
2231 2347 2539 2390 demonstrabis.

310 2428 426 2469 Dona
471 2428 573 2468 baec
615 2429 701 2468 sive
744 2425 864 2477 ξένια
902 2425 1036 2470 dicere
1067 2425 1169 2478 licet,
1211 2435 1317 2479 quae
1350 2425 1491 2466 Musae
1523 2425 1781 2466 amicissimis
1813 2425 1898 2465 suis
1928 2422 2102 2479 benigne
2132 2423 2366 2477 largiuntur,
2407 2421 2446 2464 id
2476 2425 2537 2463 est

310 2504 371 2556 iis,
406 2504 474 2556 qui
507 2502 640 2543 bonae
672 2501 795 2542 indoli
827 2501 1066 2555 dotibnsque
1097 2501 1249 2554 ingenii
1280 2500 1456 2541 studium
1487 2501 1606 2541 etiam
1629 2498 1835 2541 assiduum
1862 2500 2038 2553 artisque
2062 2499 2318 2540 severitatem
2342 2501 2384 2539 et
2409 2506 2537 2550 prope

308 2576 490 2629 dixerim,
534 2575 786 2617 vinculorum
829 2577 1003 2628 rigorem
1041 2573 1273 2626 adiungam.
1337 2573 1424 2614 Hoc
1455 2578 1516 2614 est
1547 2572 1661 2626 illud,
1700 2573 1809 2626 quod
1852 2576 1971 2626 poeta
2012 2576 2149 2613 noster
2186 2571 2537 2625 praeclarissimus

309 2649 414 2703 dicit,
446 2652 649 2703 ingenium
681 2662 774 2691 esse
807 2662 895 2690 cum
939 2655 1083 2690 natura
1125 2654 1163 2689 et
1201 2649 1359 2689 tortuna
1391 2649 1498 2688 mira
1521 2647 1695 2701 quadam
1728 2642 1928 2689 societate
1954 2648 2220 2700 coniunctum,
2261 2651 2303 2686 ut
2343 2644 2537 2698 quidquid

307 2723 406 2766 illud
437 2723 566 2778 probe
599 2730 639 2765 et
669 2728 808 2765 sancte
840 2724 1102 2777 affectaverit,
1135 2722 1233 2763 illae
1265 2723 1393 2763 amice
1415 2726 1454 2762 et
1474 2720 1649 2774 benigne
1670 2720 1987 2762 subministrent.
2034 2718 2380 2769 Quemadmodum
2403 2723 2536 2759 autem

306 2796 463 2841 sumina
494 2809 683 2853 quaeque
713 2800 889 2840 maxima
921 2797 1252 2840 detrimentorum
1285 2801 1325 2837 et
1357 2806 1537 2837 errorum
1569 2795 1750 2848 pericula
1782 2794 1931 2836 liabent
1974 2793 2052 2836 sibi
2081 2802 2252 2848 annexa,
2294 2794 2346 2835 ita
2387 2794 2425 2834 in
2459 2792 2536 2834 lioc

307 2885 469 2928 quoque
500 2886 653 2928 genere
687 2873 866 2928 proclive
898 2879 971 2927 est,
1011 2874 1087 2915 nisi
1132 2872 1255 2914 certis
1291 2869 1515 2913 rationibus
1547 2875 1586 2912 et
1617 2869 1777 2923 legibus
1809 2874 1847 2911 te
1879 2870 2126 2922 astrinxeris,
2158 2871 2196 2909 in
2228 2867 2387 2909 foedam
2420 2868 2535 2908 istam

306 2953 346 2991 et
377 2950 495 3003 quasi
526 2948 807 3003 gladiatoriam
837 2947 1055 2992 meditandi
1088 2955 1128 2992 et
1159 2948 1417 3003 excogitandi
1448 2947 1656 2990 lasciviam
1688 2952 1728 2989 et
1762 2948 2024 2989 temeritatem
2057 2943 2169 2988 illabi
2200 2949 2321 2999 atque
2352 2941 2536 2997 syllabas

305 3024 546 3078 aucupando
576 3035 652 3079 pro
683 3026 881 3079 sapientis
912 3026 987 3067 viri
1020 3025 1317 3068 existimatione
1360 3025 1535 3066 omnium
1567 3033 1662 3065 vere
1706 3022 1915 3064 doctorum
1957 3025 1996 3062 et
2038 3017 2290 3074 prudentium
2333 3018 2533 3060 bominum

304 3100 530 3141 irrisionem
564 3099 860 3154 ludibriumque
892 3106 1070 3155 captare.
1127 3100 1231 3143 Sunt
1260 3101 1384 3154 igitur
1415 3099 1481 3152 qui
1512 3097 1642 3139 obiter
1673 3106 1757 3139 rem
1790 3094 2046 3149 contemplati
2078 3098 2116 3136 et
2147 3097 2382 3147 perpetuum
2413 3091 2531 3134 simul

303 3172 484 3215 laborem
528 3177 704 3215 aversati
746 3185 836 3215 eam
877 3177 1106 3230 opinionem
1150 3175 1367 3227 hauserint,
1409 3177 1452 3214 ut
1493 3172 1633 3213 critico
1664 3171 1745 3212 boc
1774 3170 1938 3224 negotio
1969 3179 2015 3210 se
2046 3167 2155 3209 nulla
2187 3167 2394 3208 doctrinae
2429 3163 2536 3206 mole

301 3248 527 3289 cumulatos
573 3255 613 3288 et
646 3249 873 3304 impeditos,
913 3249 1034 3292 nuliis
1077 3251 1175 3291 artis
1217 3248 1377 3303 legibus
1418 3246 1744 3299 circumscriptos
1788 3250 1827 3286 et
1858 3241 2058 3286 coercitos
2086 3240 2314 3284 turbulenta
2346 3237 2534 3293 quadam,
