2939 3782
1302 103 1562 154 -7-

329 242 363 281 s'i
395 239 486 280 deis
517 238 661 292 placet,
692 235 838 288 ingenii
870 233 1047 286 agilitate
1077 238 1117 273 et
1147 230 1280 274 subito
1310 226 1493 273 fortunae
1524 230 1664 272 lavore
1704 228 1888 283 perfungi
1921 238 2045 281 posse
2075 233 2280 269 censeant.
2347 226 2441 269 lude
2471 232 2535 269 est

330 314 438 368 quod
470 312 596 355 libere
626 312 822 365 vagantur
852 313 893 350 et
922 306 1148 361 petulanter
1177 311 1300 361 atque
1328 309 1364 348 si
1394 304 1488 360 quid
1519 304 1621 346 torte
1650 303 1810 346 fortuna
1838 303 2186 357 deprehenderunt
2209 307 2249 345 et
2269 304 2531 356 arripuerunt,

330 388 438 442 quod
470 399 495 428 a
526 386 702 428 veritatis
732 384 977 436 originisque
1008 381 1266 423 similitudine
1296 381 1424 433 primo
1454 384 1621 433 aspectu
1652 389 1732 420 non
1775 389 1941 431 prorsus
1983 377 2211 428 abhorreat,
2254 377 2454 419 exsultant
2493 381 2533 418 et

330 462 490 504 sublimi
521 461 653 503 sidera
690 461 838 500 vertice
868 458 987 498 ferire
1017 455 1096 498 sibi
1127 455 1318 508 videntur,
1358 459 1401 496 ut
1439 457 1525 508 qui.
1549 456 1643 496 viris
1685 456 1723 495 in
1765 452 1984 505 philologia
2016 452 2264 504 principibus
2293 453 2531 493 inserantur.

329 538 579 591 'turpissimo
609 545 710 575 sane
740 544 877 573 errore
907 539 946 573 et
975 542 1123 583 spurca
1153 531 1296 571 mentis
1322 531 1519 571 caecitate
1541 535 1720 582 peceant,
1751 528 1819 581 qui
1841 526 1922 568 tale
1945 526 2135 579 flagitium
2157 532 2293 567 contra
2315 524 2532 578 principem

331 613 504 653 omnium
545 607 769 650 liberalium
809 608 950 647 artium
992 606 1031 645 in
1076 614 1122 644 se
1161 602 1380 656 admittant,
1424 609 1468 644 ut
1507 601 1691 644 omnibus
1731 600 1890 652 legibus
1931 601 2049 642 soluti
2092 601 2130 641 in
2171 611 2290 641 sacro
2331 600 2533 641 Minervae

330 687 615 737 Musarumque
646 692 789 734 campo
821 679 1129 731 debacchentur,
1160 677 1233 720 sed
1265 687 1437 731 poenam
1466 678 1646 719 meritam
1668 677 1820 718 evitare
1841 686 1918 716 non
1942 680 2121 728 possunt,
2152 686 2239 716 cum
2262 674 2369 728 apud
2392 685 2533 715 omnes

330 759 547 801 litterarum
579 755 763 808 cultores,
804 755 872 808 qui
903 753 992 794 talis
1023 752 1168 794 luroris
1198 753 1406 805 eruptione
1438 751 1541 794 saeta
1573 752 1899 804 tergiversantur,
1942 749 1980 790 in
2013 750 2320 790 contemtionem
2352 752 2391 790 et
2422 748 2535 790 ludi-

328 835 456 875 brium
477 833 640 873 irruant.
691 829 827 882 ltaque
848 827 909 868 fas
929 825 1090 880 quidem
1121 831 1241 879 esset,
1259 824 1540 879 ‘supersedere
1571 837 1644 866 nos
1675 823 1820 865 talibus
1846 825 1964 877 nugis
1986 828 2035 877 et,
2058 833 2186 876 paene
2209 821 2348 875 dicam,
2382 823 2531 876 ingenii

331 903 721 949 commissationibus
753 899 1111 943 commemorandis
1141 905 1180 941 et
1211 900 1468 953 castigandis,
1500 901 1575 940 nisi
1607 899 1756 952 duplex
1787 899 1880 939 inde
1911 897 2098 938 damnum
2121 899 2305 938 oriretur.
2360 896 2531 939 Primum

330 986 402 1032 est,
444 978 551 1032 quod
583 978 632 1018 de
664 976 906 1017 sublimitate
938 985 987 1015 ac
1017 972 1231 1026 splendore
1261 975 1357 1015 artis
1388 975 1514 1026 ipsius
1546 975 1598 1014 ita
1637 973 1866 1023 detrahitur,
1899 982 1987 1012 cum
2031 970 2138 1023 quod
2170 972 2307 1011 vitium
2340 975 2401 1011 est
2432 982 2533 1010 non-

331 1053 526 1094 nullorum
560 1052 761 1093 hominum
793 1049 978 1101 levitatis,
1016 1047 1070 1088 illi
1100 1039 1313 1100 imputetur
1343 1046 1395 1088 ab
1426 1048 1485 1100 iis,
1526 1048 1593 1100 qui
1635 1048 1796 1088 saniore
1828 1044 1989 1098 quidem
2022 1049 2152 1086 mente
2185 1050 2275 1086 sunt
2306 1050 2345 1085 et
2377 1042 2535 1096 iudicio,

331 1128 404 1170 sed
446 1138 524 1169 non
565 1137 615 1168 eo
656 1126 849 1178 acumine,
896 1133 978 1177 quo
1024 1121 1236 1164 discrimen
1281 1121 1379 1164 illud
1425 1123 1523 1164 satis
1566 1120 1738 1163 dilucide
1780 1120 1978 1174 dispicere
2020 1120 2181 1173 possint,
2231 1130 2332 1172 quos
2373 1118 2535 1173 quidem

331 1202 395 1242 Fr.
422 1203 525 1253 Aug.
550 1191 722 1240 woifl'us
754 1208 828 1238 sua
858 1194 1079 1250 castigandi
1110 1194 1403 1249 cavillandique
1436 1197 1474 1236 vi
1504 1200 1543 1236 et
1574 1195 1713 1248 lepore
1746 1196 1985 1247 perstrinxit,
2018 1193 2126 1247 quod
2157 1194 2286 1234 solam
2320 1193 2534 1234 divinatio-

331 1286 419 1316 nem
452 1279 645 1327 negarent
675 1281 957 1325 nonnunquam
988 1280 1145 1312 omnem
1176 1270 1370 1312 scientiae
1401 1269 1518 1312 fidem
1549 1275 1588 1311 et
1618 1271 2001 1322 argumentationem
2033 1270 2210 1322 assequi.
2269 1268 2446 1309 Alterum
2479 1272 2540 1309 est

332 1349 620 1401 gravissimum,
659 1347 765 1400 quod
799 1347 963 1387 iuvenes
994 1347 1100 1398 iique
1131 1354 1256 1398 saepe
1287 1344 1507 1397 praeclaris
1537 1344 1685 1397 ingenii
1716 1342 1929 1385 virtutibus
1962 1344 2100 1395 ornati,
2144 1353 2248 1395 quae
2290 1347 2381 1383 sunt
2413 1344 2537 1383 mirae

330 1422 445 1463 liuius
476 1421 573 1462 artis
604 1419 831 1470 illecebrae,
874 1420 921 1460 iis
962 1418 1164 1460 constricti
1208 1423 1247 1460 et
1284 1418 1440 1460 seducti
1469 1428 1559 1460 cum
1589 1416 1737 1459 iudicio
1768 1416 1940 1459 nondum
1973 1418 2072 1459 satis
2104 1415 2273 1458 subacto
2306 1421 2345 1457 et
2376 1416 2533 1458 exculto

328 1505 425 1537 vera
456 1505 480 1536 a
512 1494 626 1536 falsis
655 1493 786 1535 minus
817 1492 1058 1546 discernant,
1099 1493 1168 1533 toti
1199 1492 1238 1533 in
1270 1491 1376 1532 illam
1408 1490 1539 1532 aleam
1569 1489 1816 1544 abripiuntur
1847 1500 2087 1544 omnemque
2129 1499 2307 1544 operam,
2346 1499 2463 1544 quam
2495 1491 2533 1531 in

327 1569 472 1611 studiis
504 1569 632 1610 omnis
662 1569 823 1622 generis
853 1567 1106 1621 gravissimis
1135 1566 1403 1607 severissimis
1432 1575 1505 1619 per
1536 1574 1654 1607 omne
1685 1565 1924 1606 curriculum
1956 1565 2229 1606 academicum
2265 1588 2340 1617 -,
2372 1575 2463 1606 narn
2496 1566 2533 1605 in

329 1641 557 1695 Gymnasiis
587 1639 746 1695 quidem
779 1641 885 1682 omni
916 1649 960 1682 re
990 1639 1128 1681 critica
1158 1637 1350 1681 abstineri
1382 1647 1519 1680 verum
1551 1646 1645 1680 esse
1677 1646 1835 1691 censeo,
1870 1661 1921 1666 —
1954 1636 2027 1680 sed
2059 1638 2096 1679 in
2130 1636 2279 1680 umbris
2302 1637 2534 1680 academiae

326 1716 528 1758 collocare
558 1714 717 1767 debent,
749 1717 788 1755 in
819 1713 1070 1756 emendando
1101 1724 1180 1756 nne
1210 1714 1391 1756 alterove
1420 1714 1616 1767 scriptore
1647 1718 1895 1755 consumunt.
1953 1714 2136 1767 Egregie,
2169 1714 2242 1755 sed
2274 1715 2420 1755 misere
2451 1713 2533 1755 sal—

327 1793 460 1829 tantur
489 1796 578 1828 cum
609 1790 798 1837 nesciant,
841 1789 890 1826 iis
920 1787 1081 1826 demum
1110 1796 1217 1837 qnae
1247 1784 1453 1837 negligant
1492 1796 1649 1826 ornnem
1690 1787 1927 1827 emendandi
1970 1796 2106 1827 curam
2148 1789 2217 1828 niti
2259 1794 2299 1828 et
2340 1790 2534 1829 contineri

312 1868 446 1915 ‘atque
486 1860 637 1901 futilem
682 1871 848 1912 prorsus
885 1864 925 1900 et
954 1858 1164 1900 ridiculam
1196 1858 1372 1900 evadere
1401 1857 1574 1901 sublatis
1603 1859 1682 1901 illis
1713 1862 1828 1913 quasi
1861 1859 2139 1902 fundamentis.
2204 1861 2383 1903 Docendi
2415 1864 2534 1915 igitur

325 1942 416 1977 sunt
446 1936 612 1976 iuvenes
643 1935 860 1976 litterarum
891 1933 1061 1975 studiosi
1091 1935 1236 1974 acriter
1266 1940 1306 1973 et
1335 1934 1491 1986 sedulo,
1524 1946 1575 1975 ne
1606 1946 1710 1975 vana
1741 1940 1781 1975 et
1811 1938 1941 1976 inania
1975 1936 2175 1989 captando
2207 1949 2364 1977 omnem
2396 1950 2532 1979 verum

325 2010 547 2052 studiorum
580 2010 749 2051 fructum
782 2015 821 2050 et
852 2009 1096 2062 voluptatem
1127 2018 1365 2062 omnemque
1394 2009 1512 2050 simul
1545 2009 1745 2050 hominum
1776 2011 2013 2062 sapientium
2056 2012 2388 2052 existimationem
2421 2014 2534 2065 peri-

326 2085 533 2136 clitentur3
565 2085 706 2125 iterum
739 2089 859 2137 atque
891 2084 1032 2124 iterum
1056 2081 1309 2137 adhortandi,
1339 2093 1389 2124 ne
1414 2094 1509 2124 sese
1532 2082 1583 2125 ad
1605 2089 1807 2126 certamen
1828 2086 2042 2139 accingere
2064 2092 2266 2139 conentur,
2298 2088 2533 2140 priusquam

325 2160 431 2200 vires
461 2158 562 2200 satis
593 2158 857 2210 exercuerint,
889 2159 1011 2199 armis
1044 2167 1149 2210 quae
1180 2158 1343 2212 propria
1373 2163 1464 2199 sunt
1491 2159 1578 2200 eius
1609 2169 1759 2200 arenae
1791 2161 1845 2200 uti
1868 2158 2091 2214 didicerint,
2122 2162 2307 2214 omnique
2330 2172 2409 2214 qua
2431 2171 2534 2214 opus

324 2238 384 2275 est
422 2232 644 2275 eruditione
687 2236 857 2273 mentem
900 2230 1123 2274 imbuerint.
1186 2230 1426 2274 Persuasum
1468 2231 1652 2287 babeant,
1694 2243 1845 2288 omnes,
1887 2236 1953 2288 qui
1997 2237 2033 2276 in
2077 2235 2152 2277 liae
2194 2235 2403 2289 disciplina
2443 2246 2532 2278 cum

325 2307 528 2348 fructu-et
558 2304 678 2348 laude
709 2305 1008 2347 elaboraverint
1039 2316 1224 2359 unquam,
1255 2307 1360 2348 viam
1391 2311 1430 2347 et
1460 2307 1652 2348 rationem
1683 2307 1805 2349 certis
1837 2306 1996 2361 legibus
2024 2302 2223 2350 definitam
2245 2314 2407 2351 secutos
2429 2319 2534 2362 esse,

325 2390 443 2435 quam
475 2381 509 2422 si
542 2378 768 2434 relinquere
800 2379 1016 2435 videantur,
1060 2379 1100 2422 id
1131 2379 1238 2435 quod
1268 2390 1424 2422 summo
1464 2381 1610 2435 cuique
1653 2391 1932 2436 nonnunquam
1975 2381 2161 2424 accidere
2204 2384 2343 2437 negari
2387 2384 2535 2438 nequit,

323 2465 374 2496 ex
406 2455 526 2496 nimia
558 2453 729 2508 quadam
761 2455 908 2508 ingenii
939 2453 1123 2498 ubertate
1164 2460 1202 2497 et
1244 2453 1385 2508 subita,
1426 2456 1462 2498 si
1503 2454 1636 2498 dicere
1679 2455 1780 2509 licet,
1822 2456 1919 2497 artis
1960 2458 2247 2510 exsuperantia
2289 2456 2532 2500 luculentam

323 2528 430 2569 banc
460 2527 681 2570 libertatem
713 2530 871 2582 exoriri,
903 2539 982 2570 non
1012 2539 1063 2570 ex
1095 2530 1303 2571 sterilitate
1334 2533 1373 2570 et
1414 2530 1548 2582 inopia
1589 2530 1766 2582 artisque
1798 2534 2008 2582 contemtu,
2052 2530 2198 2583 quibus
2230 2531 2388 2573 foedam
2416 2533 2532 2573 istam

322 2603 519 2644 licentiam
554 2602 739 2645 laborare
771 2603 955 2646 diximus.

458 2676 634 2719 Vidimus
664 2676 795 2732 igitur,
826 2681 1014 2732 quantam
1046 2676 1250 2720 doctrinae
1280 2678 1437 2731 copiam
1468 2677 1596 2718 altera
1627 2678 1823 2731 tertiaque
1854 2688 1950 2731 pars
1983 2678 2174 2732 quodque
2197 2680 2340 2721 mentis
2361 2689 2531 2722 acumen

322 2752 539 2806 requirant.
604 2750 816 2801 Quaeritur
856 2755 985 2794 utrum
1034 2751 1172 2794 iisdem
1218 2750 1407 2794 subsidiis
1452 2753 1569 2793 etiam
1618 2751 1686 2793 ille
1732 2758 1862 2807 egeat,
1910 2754 1977 2807 qui
2024 2754 2062 2795 in
2109 2755 2237 2807 prima
2283 2753 2529 2807 singularem

321 2836 487 2880 operam
528 2825 730 2868 collocare
772 2828 1031 2881 constituerit,
1076 2836 1127 2868 an
1173 2837 1268 2869 vero
1313 2827 1379 2880 qui
1428 2827 1466 2867 in
1512 2824 1717 2868 codicibus
1759 2826 2030 2882 inspiciendis,
2079 2826 2370 2882 describendis,
2412 2838 2530 2870 com-

321 2900 514 2954 parandis
556 2903 771 2955 praecipue
812 2907 1008 2957 versatar,
1047 2912 1136 2945 eum
1176 2900 1356 2955 sufficiat,
1398 2899 1438 2942 id
1479 2899 1586 2954 quod
1624 2900 1734 2943 multi
1775 2905 1962 2956 statuunt,
2007 2898 2289 2957 χαλκέντερον
2331 2902 2528 2957 quendam

321 2985 415 3017 esse
457 2976 674 3030 praecipua
716 2975 878 3031 quidem
918 2976 1124 3019 oculorum
1166 2977 1254 3019 acie
1294 2979 1333 3017 et
1372 2975 1539 3017 sanitate
1582 2973 1816 3030 praeditum,
1853 2974 1905 3018 ad
1947 2977 2089 3019 mentis
2130 2986 2227 3018 vero
2267 2978 2531 3031 sagacitatem

319 3048 427 3103 quod
459 3050 596 3093 attinet
627 3055 666 3093 et
695 3052 922 3094 universam
944 3051 1177 3106 doctrinam,
1208 3061 1259 3093 ne
1285 3048 1597 3104 pinguitudinem
1624 3048 1785 3103 quidem
1818 3055 1887 3093 ant
1917 3055 2026 3093 certe
2059 3050 2373 3094 mediocritatem
2406 3062 2532 3093 exce-

319 3122 487 3165 dentem.
550 3121 669 3174 Quod
709 3136 830 3168 secus
872 3125 966 3168 mibi
1008 3125 1176 3168 videtur.
1236 3124 1316 3167 Fae
1355 3125 1459 3166 enim
1499 3122 1600 3166 duos
1640 3123 1823 3166 homines
1864 3125 2007 3167 eadem
2054 3125 2262 3168 oculorum
2311 3126 2410 3179 acie,
2456 3125 2530 3168 sed

319 3196 481 3240 diverso
525 3199 665 3240 mentis
706 3200 886 3242 acumine
926 3198 1132 3253 praeditos
1171 3197 1346 3242 tabulam
1387 3200 1532 3252 pictam
1574 3196 1791 3252 diligenter
1821 3200 2045 3254 aspexisse,
2088 3199 2206 3242 facile
2247 3201 2430 3243 nimirum
2461 3199 2531 3242 tibi
