2939 3782
1098 764 1216 797 Virtus
1242 768 1297 797 est
1320 762 1474 796 medium
1498 763 1663 795 vitiorum
1689 766 1724 793 et
1748 760 1923 802 utrimque
1947 758 2142 791 reductum.

1097 822 1132 855 si
1158 832 1227 854 non
1254 821 1302 854 sis
1328 830 1461 853 vacuus
1486 830 1507 852 a
1532 818 1725 862 cupiditate
1751 823 1811 850 aut
1837 817 2095 860 superstitione,
2123 834 2161 838 ——
2189 816 2423 857 perniciosum
2450 822 2514 847 est.

430 980 442 989 ’
511 969 749 1049 Sapienter
781 995 958 1049 prolecto
989 1005 1201 1048 rerumque
1232 1000 1396 1037 naturae
1427 994 1709 1036 convenienter
1739 998 1801 1034 est
1830 994 2059 1044 institutum,
2092 997 2133 1033 ut
2160 992 2265 1032 ‹locti
2286 991 2478 1042 homines,
2509 993 2576 1043 qui

376 1074 502 1112 artem
542 1070 840 1123 grammaticam
888 1069 1059 1123 professi
1098 1080 1188 1111 cum
1233 1069 1272 1111 in
1312 1070 1439 1111 omnis
1481 1068 1724 1121 antiquitatis
1764 1066 2075 1119 cognoscendae
2121 1065 2292 1107 studium
2338 1064 2576 1117 incumbant,

376 1142 572 1198 philologi
604 1142 723 1187 hodie
755 1142 1016 1198 appellantur,
1056 1142 1248 1197 singulari
1289 1141 1460 1197 quadam
1503 1143 1543 1185 iu
1578 1145 1692 1196 parte
1723 1142 1810 1184 sive
1841 1140 1931 1184 loco
1965 1142 2085 1183 totius
2116 1139 2319 1182 doctrinae
2351 1142 2576 1182 accuratius

376 1216 605 1272 indagando
637 1221 676 1258 et
706 1215 945 1272 explicando
976 1215 1219 1272 peculiarem
1251 1220 1290 1261 et
1318 1215 1550 1261 industriam
1583 1220 1731 1271 ponant
1763 1220 1802 1258 et
1834 1214 2078 1269 voluptatem
2110 1218 2282 1268 captent.
2341 1213 2460 1256 Varia
2486 1218 2578 1256 sunt

376 1293 480 1336 enim
525 1284 723 1334 hominum
765 1292 936 1345 ingenia,
978 1292 1113 1332 variae
1148 1290 1379 1345 voluntates,
1421 1300 1566 1344 magua
1607 1289 1779 1342 denique
1822 1288 2037 1331 diversitas
2070 1289 2106 1329 in
2139 1290 2243 1329 vitae
2275 1287 2577 1342 conditionibus,

376 1370 417 1407 ut
448 1363 797 1418 quemadmodum*
815 1366 852 1406 in
885 1365 1029 1406 ceteris
1062 1362 1192 1417 rebus,
1222 1365 1282 1406 sic
1313 1365 1351 1405 in
1383 1364 1457 1406 hoc
1485 1374 1634 1417 genere
1666 1362 1735 1404 alii
1756 1362 1836 1403 alia
1857 1364 2029 1415 cupiant,
2062 1361 2171 1403 multi
2199 1362 2394 1414 quidquid
2416 1364 2578 1414 cupiunt

376 1439 581 1494 iniquitate
620 1439 706 1481 sive
747 1436 916 1481 ludibrio
958 1436 1130 1492 quodam
1172 1437 1351 1481 fortunae
1392 1439 1594 1493 sortisque
1635 1448 1711 1481 non
1754 1425 1907 1491 possint
1948 1436 2125 1490 assequi,
2174 1437 2290 1490 pauci
2331 1447 2427 1478 vero
2468 1442 2576 1478 tanta

376 1517 544 1569 naturae
573 1512 688 1554 simul
722 1517 761 1553 et
793 1514 894 1554 vitae
927 1512 1115 1554 felicitate
1146 1512 1355 1566 excellant,
1386 1519 1426 1554 ut
1456 1512 1509 1554 ad
1540 1513 1672 1554 omnia
1705 1512 1772 1552 illa
1805 1511 1954 1552 viribus
1985 1512 2069 1553 suis
2100 1509 2333 1552 sustinenda
2365 1514 2405 1551 et
2432 1511 2577 1552 tuenda

377 1586 562 1641 aspirare
595 1586 762 1641 possint.
826 1585 924 1629 Sunt
954 1587 1070 1641 igitur
1102 1587 1169 1641 qui
1201 1586 1240 1628 in
1270 1585 1391 1630 rebus
1422 1588 1549 1640 gestis
1580 1592 1758 1629 veterum
1800 1587 2039 1640 populorum
2073 1584 2318 1639 inquirendis
2350 1589 2390 1626 et
2420 1585 2578 1626 descri-

378 1659 521 1703 bendis
555 1662 774 1715 praecipuo
805 1672 893 1703 cum
924 1660 1063 1703 labore
1093 1665 1302 1703 versentur
1331 1666 1397 1703 aut
1428 1661 1604 1704 instituta
1635 1662 1777 1715 magis,
1820 1672 1964 1712 mores,
2008 1659 2239 1713 disciplinas
2271 1664 2579 1712 perscrutentur,

378 1734 445 1775 alii
468 1733 691 1776 fabularum
714 1735 914 1788 mysteria,
946 1745 1052 1788 quae
1083 1745 1238 1777 omnem
1271 1735 1502 1777 memoriam
1532 1735 1786 1789 antecedunt,
1817 1736 2019 1777 excutiunt
2050 1740 2089 1776 et
2121 1733 2172 1776 ad
2204 1738 2352 1776 certam
2380 1732 2578 1786 quandam

378 1806 678 1857 intelligentiam
711 1807 980 1856 historiaeque
1010 1807 1138 1846 lucem
1171 1814 1364 1846 revocare
1395 1809 1749 1858 conantur3‘multt
1777 1816 1887 1848 artes
1909 1814 2202 1859 persequuntur
2223 1807 2399 1859 quidque
2421 1813 2579 1848 veteres

378 1877 564 1932 tingendo
586 1876 850 1932 pingendove,
882 1876 977 1932 quid
1011 1876 1271 1931 aedificando,
1303 1876 1510 1932 cantando,
1540 1878 1724 1922 saltando
1757 1881 1931 1922 assecuti
1964 1885 2032 1921 aut
2063 1879 2274 1932 periclitati
2305 1881 2394 1934 sint,
2424 1891 2579 1922 summo

378 1952 526 1994 ardore
558 1952 789 2005 perquirunt
819 1957 858 1993 ct
889 1952 1139 2004 investigant.
1203 1951 1386 2005 Plerique
1418 1954 1485 1994 toti
1515 1952 1606 1995 sunt
1636 1955 1673 1995 iu
1712 1954 1919 2006 utriusque
1961 1955 2158 1995 sermonis
2188 1959 2276 1994 arte
2307 1956 2578 2007 grammatica,

380 2035 484 2080 quae
516 2026 679 2080 proprie
710 2023 860 2078 dicitur,
890 2023 1174 2078 cognoscenda
1207 2024 1505 2078 litterarumque
1526 2027 1791 2068 monumentis
1815 2025 2124 2079 interpretando,
2155 2026 2405 2079 explicando,
2437 2038 2577 2067 emen-

378 2098 511 2143 dando
542 2097 837 2154 pervolvendis.
902 2098 959 2142 En
992 2098 1107 2142 vides
1137 2110 1320 2153 magnam
1352 2098 1510 2153 quidem
1530 2145 1533 2147 ,
1552 2098 1770 2143 studiorum
1804 2103 1841 2142 in
1874 2112 1952 2142 uno
1986 2100 2189 2142 doctrinae
2220 2111 2369 2153 genere
2400 2101 2579 2143 multitu-

379 2173 510 2216 dinem
543 2178 581 2215 et
612 2174 853 2228 varietatem,
885 2174 960 2216 sed
992 2184 1095 2227 quae
1128 2172 1179 2215 ad
1201 2184 1318 2216 unum
1340 2172 1455 2216 finem
1482 2175 1615 2217 omnia
1636 2175 1869 2229 dirigantur,
1902 2180 1944 2216 ut
1967 2176 2139 2217 universi
2160 2176 2321 2227 generis
2343 2177 2580 2229 cognitione,

380 2258 484 2302 quae
516 2258 655 2291 omnes
686 2247 784 2291 flne's
826 2253 1038 2302 partesque
1071 2249 1282 2302 contineat,
1321 2249 1539 2291 coniunctis
1581 2248 1731 2291 viribus
1774 2255 2006 2303 comparata
2051 2251 2165 2303 quasi
2208 2251 2340 2303 imago
2381 2250 2578 2303 quaedam

381 2323 527 2376 ingenii
559 2322 745 2375 vitaeque
777 2324 1047 2380 antiquorum,
1070 2322 1269 2364 hominum
1307 2334 1425 2376 quam
1457 2325 1628 2364 maxime
1661 2334 1857 2377 expressa
1888 2323 2152 2377 omnibusque
2185 2323 2363 2377 partibus
2395 2323 2579 2366 absoluta

377 2402 469 2439 ante
500 2396 642 2439 oculos
673 2402 854 2450 ponatur.
919 2398 1064 2438 Verum
1095 2399 1128 2438 si
1161 2407 1309 2449 omneS‚
1341 2397 1409 2449 qui
1441 2399 1478 2437 in
1510 2408 1587 2438 una
1619 2397 1839 2450 philologia
1872 2400 1987 2450 quasi
2021 2397 2318 2439 tabernaculum
2351 2399 2455 2438 vitae
2481 2408 2580 2439 suae

379 2470 637 2524 collocarunt,
679 2472 748 2524 qui
790 2469 948 2524 quidem
990 2469 1193 2512 doctrinae
1228 2480 1328 2512 suae
1358 2469 1525 2512 fructum
1557 2476 1597 2511 et
1627 2472 1833 2523 specimen
1864 2476 1931 2512 aut
1962 2482 2036 2512 sua
2068 2477 2211 2524 sponte
2242 2477 2309 2512 aut
2340 2474 2579 2513 necessitate

376 2544 552 2599 quadam
584 2548 623 2587 et
653 2545 886 2586 auctoritate
918 2544 1101 2586 commoti
1134 2545 1173 2586 in
1203 2542 1403 2597 publicum
1433 2542 1654 2599 ediderunt,
1686 2545 2011 2598 perlustraveriS,
2044 2556 2267 2599 perpaucos
2289 2546 2480 2599 invenies,
2512 2548 2579 2599 qui

376 2630 478 2672 quas
513 2617 744 2671 disciplinae
774 2618 880 2660 illius
912 2619 1138 2670 provincias
1170 2618 1468 2671 descripsimus,
1500 2622 1603 2659 totas
1635 2630 1710 2671 pro
1741 2630 1815 2658 sua
1848 2624 1962 2670 parte
1985 2619 2307 2672 complectantur,
2330 2621 2458 2660 immo
2481 2631 2580 2661 vero

375 2692 438 2734 vel
470 2692 673 2745 principes
706 2702 844 2733 eorum
878 2695 916 2733 et
946 2689 1146 2733 secundos
1177 2690 1410 2744 plerumque
1442 2691 1623 2744 singulos
1655 2693 1694 2733 iu
1724 2680 1896 2745 singulis
1928 2703 2066 2734 earum
2098 2692 2329 2746 regionibus
2366 2693 2579 2736 elaborare

377 2771 545 2816 constat.
610 2764 723 2815 Quae
753 2753 841 2808 curn
873 2765 1038 2820 perinde
1070 2764 1305 2808 definiantur
1335 2769 1374 2807 et
1403 2764 1701 2819 distribuantur,
1731 2768 1927 2807 maiorem
1961 2768 2079 2808 etiam
2106 2767 2326 2809 studiorum
2348 2770 2578 2810 varietatem

375 2842 552 2883 existere
576 2845 884 2882 consentaneum
907 2845 980 2881 est.
1033 2839 1116 2881 Sed
1147 2844 1189 2881 ut
1218 2840 1340 2881 missa
1370 2838 1614 2892 singularum
1647 2841 1829 2892 partium,
1862 2850 1966 2892 quae
1998 2845 2222 2882 ceterorum
2254 2846 2346 2882 sunt
2371 2852 2580 2895 generum,

379 2917 571 2957 immensa
613 2914 716 2956 silva
757 2912 808 2956 ad
839 2913 937 2956 fines
969 2913 1086 2956 huius
1117 2913 1342 2967 scriptionis
1378 2918 1417 2955 et
1446 2912 1653 2955 consilium
1695 2915 1862 2967 propius
1904 2913 2157 2969 accedamus,
2199 2917 2234 2957 si
2276 2914 2326 2956 de
2368 2917 2581 2969 partitione

374 2989 540 3045 generis
587 2990 789 3043 quaeritur
833 2990 931 3043 eius,
993 2986 1100 3041 quod
1145 2987 1196 3030 ad
1241 2988 1540 3042 grammaticam
1582 2993 1620 3029 et
1670 2989 1909 3042 scriptorum
1960 2989 2327 3043 interpretationem
2379 2992 2581 3043 pertinere

378 3064 562 3116 diximus,
596 3064 656 3105 liis
688 3064 787 3116 ipsis
817 3061 958 3104 linibus
989 3071 1248 3115 permagnam
1276 3060 1471 3115 laborum,
1502 3061 1536 3102 si
1558 3061 1693 3103 dicere
1714 3061 1817 3117 licet,
1850 3062 2089 3105 divisionem
2111 3068 2250 3105 extare
2272 3063 2391 3105 facile
2414 3064 2580 3107 videbis.

376 3138 476 3180 Sunt
518 3138 637 3192 igitur
681 3139 746 3192 qui
780 3142 927 3191 poetas
971 3138 1176 3191 utriusque
1217 3136 1424 3191 sermonis,
1465 3140 1556 3177 sunt
1596 3137 1664 3190 qui
1704 3146 1867 3190 prosam
1911 3137 2130 3180 orationem
2171 3136 2472 3194 amplectantur,
2514 3139 2580 3182 alii

378 3214 596 3267 Romanos,
627 3214 693 3253 alii
726 3212 902 3272 Graecos
933 3215 971 3254 in
1003 3212 1158 3254 deliciis
1189 3210 1337 3253 habeut
1365 3216 1486 3265 atque
1516 3210 1778 3265 scriptoribus
1809 3217 1877 3254 aut
1909 3211 2092 3255 omnibus
2124 3217 2191 3255 aut
2213 3212 2423 3266 nonnullis,
2454 3214 2581 3256 inter-
