2939 3782
1310 175 1620 226 ,18-

491 312 526 339 v.
559 298 643 340 1⁷2
673 298 889 352 effundere,
923 309 1003 340 non
1034 303 1072 341 et
1102 299 1252 341 ludere.

489 385 528 413 v.
564 372 651 414 318
680 375 816 415 maior
845 375 906 415 ait
934 375 1076 422 nmio,
1110 383 1190 414 non
1221 375 1353 414 maior
1383 373 1564 415 dimidio.

491 448 529 501 5,
560 459 596 487 v.
629 446 684 488 79
716 449 824 488 venit
852 449 960 489 etnim
990 458 1195 497 mansum,
1229 457 1310 488 non
1332 457 1539 498 magnum.
1594 446 1768 490 Plaudes
1800 449 1889 491 sine
1921 449 2057 492 dubio.
2110 449 2287 493 Placebit
2309 450 2414 491 enim
2434 450 2572 505 imago

354 520 598 562 nebulonum
632 522 810 574 quotidie
842 521 893 562 ad
925 520 1244 561 manducandum
1276 522 1610 562 convenientium.

773 648 810 677 v.
847 622 930 678 103
1410 625 1711 688 inlacrimare,

959 709 1113 762 candia
1142 710 1308 763 prodest
1337 712 1375 752 et
1405 710 1512 753 voltu
1543 710 1689 753 celare.
1722 715 1797 754 etc.

846 795 925 826 non
955 787 1015 826 est
1043 784 1198 837 qaudia
1226 784 1463 837 prodentem
1493 785 1642 827 voltum
1673 786 1817 828 celare.

775 857 957 902 Occurrit
988 858 1085 901 illud
1117 858 1311 900 Nasonis:
1344 864 1407 913 ⁴et
1437 859 1627 901 lacrimae
1659 860 1858 914 prosunt'.

487 948 614 1003 Epist.
647 949 674 1003 l,
707 951 745 1003 6,
778 963 815 990 v.
849 951 904 991 59
935 950 1184 1004 ceptumque,
1216 961 1295 990 non
1313 951 1595 1005 populumque.
1650 951 1806 992 Mecum
1828 951 1965 1005 facies,
1997 953 2030 991 si
2052 955 2194 992 cuncta
2216 953 2567 1005 circumspexeris.

350 1024 539 1065 Fortasse
566 1035 650 1089 non
682 1023 911 1065 admonitus
943 1035 1066 1065 canes
1088 1025 1166 1065 iam
1199 1023 1440 1066 desiderasti
1462 1025 1663 1079 hocloco,
1697 1037 1775 1067 non
1796 1026 1900 1067 alias
1921 1025 2030 1079 apud
2050 1026 2273 1087 Horatium.
2320 1027 2392 1080 En,
2413 1026 2567 1069 adsunt.

350 1099 535 1140 Ceterum
569 1109 760 1152 compara
790 1099 896 1152 pplq.
930 1110 1018 1140 cum
1050 1101 1152 1152 eplq.

488 1189 550 1240 ¹0,
583 1201 619 1230 v.
654 1189 708 1231 37
740 1192 844 1230 victo
874 1191 1090 1243 insultans,
1121 1200 1200 1230 non
1231 1191 1357 1231 victor
1387 1192 1551 1231 violens.
1608 1191 1798 1232 Nimirum
1830 1190 2151 1245 obstupefactum
2185 1197 2223 1233 te
2255 1190 2374 1232 video
2402 1195 2567 1245 propter

346 1262 588 1304 luculentam
621 1262 998 1305 dissimilitudinem.
1062 1264 1145 1304 Sed
1179 1264 1323 1305 festina
1355 1265 1470 1306 lente.
1528 1265 1572 1306 Si
1604 1276 1709 1318 quae
1742 1265 1885 1308 tradita
1916 1271 2009 1308 sunt
2040 1267 2171 1326 omnia
2204 1266 2413 1319 diligenter
2434 1276 2566 1308 exou-

349 1338 452 1377 tiens
484 1336 533 1377 de
566 1339 807 1377 necessitate
842 1336 1131 1378 emendationis
1163 1348 1316 1378 mecum
1348 1339 1486 1392 sentiS,
1527 1338 1579 1381 ad
1621 1341 1829 1380 veritatem
1873 1339 1966 1380 nibil
2009 1350 2134 1392 posse
2165 1340 2334 1392 cogitari
2375 1339 2426 1380 ab
2458 1340 2565 1380 omni

346 1414 461 1463 parte
492 1409 648 1462 melius,
681 1411 825 1462 aptius,
870 1411 1079 1451 venustius
1112 1415 1219 1451 certe
1250 1412 1464 1453 concedes.
1528 1412 1589 1453 En
1620 1412 1735 1454 vides
1767 1412 1967 1455 caballum
1999 1414 2106 1454 victo
2138 1411 2297 1454 tandem
2329 1413 2445 1454 hoste
2475 1412 2565 1453 for-

344 1485 445 1525 tiore
478 1485 716 1538 gestientem
759 1484 864 1526 fastu
905 1483 1136 1538 laetitiaque
1166 1486 1256 1527 solo
1287 1487 1495 1536 insultare,
1540 1486 1647 1540 quod
1689 1486 1855 1529 verbum
1896 1488 2061 1540 saepius
2102 1486 2235 1540 legisti
2275 1485 2328 1527 de
2370 1486 2485 1539 equis
2525 1488 2566 1527 et

344 1557 568 1612 equitibus,
620 1559 724 1600 sicut
775 1559 864 1611 ipse
906 1563 1025 1611 poeta
1075 1564 1296 1601 armentum
1348 1559 1469 1602 habet
1519 1562 1733 1603 insultans.
1807 1561 1982 1603 intuere‘
2009 1566 2150 1602 autem
2196 1561 2563 1614 praeclarissimam

345 1633 661 1686 oppositionem:
702 1634 771 1673 vix
801 1633 1004 1674 insultans
1034 1635 1210 1685 incessit,
1244 1646 1337 1676 cum
1366 1633 1528 1686 frenum
1559 1638 1726 1689 accepit.
1790 1635 1905 1677 Talia
1937 1640 2075 1676 artem·
2095 1638 2133 1676 et
2164 1634 2365 1687 ingenium
2396 1634 2564 1676 venusi-

343 1717 437 1749 num
469 1708 643 1760 sapiunt.
706 1706 823 1749 Adde
860 1717 1067 1750 numerum
1110 1708 1285 1763 denique
1328 1710 1386 1750 rei
1428 1719 1547 1763 quam
1591 1710 1766 1752 maxime
1796 1708 2153 1752 accommodatum.
2189 1733 2241 1740 —
2275 1708 2421 1750 Verum
2453 1707 2563 1750 nulla

343 1780 574 1834 similitudo,
606 1781 717 1823 nulla
748 1780 1013 1833 probabilitas
1046 1781 1181 1824 adest!
1242 1782 1398 1835 Fateor,
1440 1782 1514 1824 sed
1554 1783 1640 1824 lieri
1673 1783 1790 1825 facile
1821 1785 1958 1835 potuit,
1990 1787 2033 1823 ut
2073 1782 2222 1835 aliquis
2255 1782 2310 1824 ad
2341 1778 2564 1834 marginem

343 1854 572 1909 explicandi
614 1865 740 1896 causa
782 1860 947 1908 propter
988 1856 1282 1908 oppositionem
1326 1855 1435 1898 illam
1478 1854 1731 1897 adscriberet
1770 1857 1947 1897 metens
1994 1855 2073 1906 (=
2093 1853 2289 1896 insultans
2310 1870 2368 1889 =
2387 1853 2565 1903 saliens)

342 1929 367 1970 i.
400 1939 436 1970 e.
471 1939 544 1981 per
575 1927 807 1981 superbiam
840 1933 880 1970 et
912 1928 1177 1981 insolentiam,
1210 1927 1318 1981 quod
1350 1927 1591 1971 vocabulum
1623 1927 1804 1971 eiusdem
1836 1929 1955 1971 sontis
1986 1938 2079 1971 esse
2111 1926 2239 1981 probe
2270 1928 2352 1970 scis
2382 1910 2562 1978 (salire).

342 2000 447 2053 Quid
478 2003 597 2055 igitur
628 2002 782 2055 mirum,
813 2003 847 2044 si
879 2004 993 2045 casui
1015 2011 1177 2056 quoque
1204 2001 1387 2044 nonnihil·
1403 2000 1655 2045 tribuendum
1681 2006 1754 2057 est,
1785 2002 1889 2045 lianc
1910 2002 2222 2055 adnotationem,
2254 2000 2364 2055 quod
2384 2010 2563 2048 sexcen-

341 2076 417 2118 ties
448 2075 595 2119 factum
628 2080 711 2129 est,
755 2077 794 2117 in
836 2079 985 2118 textum
1023 2076 1259 2130 irrepsisse,
1301 2080 1445 2129 postea
1476 2080 1608 2119 autem
1650 2077 1768 2118 metri
1808 2085 1933 2118 causa
1974 2074 2154 2117 insolens
2194 2074 2233 2116 in
2274 2073 2427 2115 violens
2468 2082 2563 2116 esse

341 2154 547 2204 mutatum,
578 2161 746 2203 quorum
780 2152 994 2192 maximam
1026 2143 1448 2192 esse'similitudinem
1482 2155 1664 2204 apparet.
1729 2149 1810 2192 Sed
1843 2160 1993 2192 meram
2026 2150 2254 2203 opinionem
2287 2159 2483 2202 propono.

881 2266 948 2320 20,
979 2278 1017 2307 v.
1051 2266 1107 2307 24
1142 2276 1388 2318 praeconem
1421 2265 1579 2308 dotibus
1599 2269 1765 2319 aptum,
1802 2276 1880 2308 non

1139 2352 1408 2394 praeconum,
1441 2341 1593 2383 solibus
1624 2344 1779 2395 aptum.

472 2448 561 2489 Jam
595 2450 764 2502 primum
794 2451 950 2491 solibus
981 2453 1122 2502 aptum
1164 2451 1217 2490 ita
1258 2450 1342 2489 sere
1374 2449 1577 2503 explicant
1607 2451 1858 2503 interpretes,
1900 2453 1941 2490 ut
1983 2448 2181 2489 bominem
2225 2447 2420 2500 significet
2461 2446 2562 2488 locis

336 2524 488 2575 apricis
519 2523 760 2576 gaudentem
793 2527 818 2564 i.
850 2536 886 2563 e.
919 2527 987 2577 qui
1018 2526 1204 2565 sanitatis
1236 2525 1298 2563 vel
1331 2524 1551 2576 voluptatis
1582 2534 1708 2564 cansa
1728 2524 1856 2563 solem
1881 2527 1987 2563 amet
2008 2527 2271 2575 quaeratque,
2303 2520 2410 2573 quod
2431 2526 2562 2561 utrum

339 2597 389 2638 de
418 2597 587 2638 Horatio
618 2598 753 2639 valeat
782 2609 859 2639 nec
889 2610 950 2652 ne,
989 2601 1055 2652 qui
1088 2604 1224 2640 narrat
1265 2599 1355 2640 sole
1385 2600 1596 2651 ingruente
1627 2609 1674 2639 se
1707 2609 1891 2651 campum
1922 2598 2135 2651 lusumque
2166 2597 2335 2650 fugisse,
2377 2598 2453 2649 ipsi
2493 2597 2561 2636 vi—

338 2672 473 2712 deant.
537 2672 617 2713 Sed
650 2668 879 2713 addubitari
912 2674 1000 2726 ipsa
1033 2674 1181 2714 locutio
1214 2677 1357 2726 potest.
1419 2673 1571 2713 Amicis
1602 2676 1723 2725 aptus
1754 2674 1821 2726 qui
1852 2674 1916 2725 sit,
1946 2672 2128 2725 intelligo
2159 2682 2289 2725 neque
2322 2670 2373 2711 de
2406 2669 2562 2723 reliqua

336 2745 524 2787 vocabuli
557 2750 758 2800 potestate
792 2746 958 2800 haesito,
991 2747 1065 2789 sed
1096 2749 1249 2789 solibus
1280 2751 1422 2801 aptum
1453 2747 1574 2800 illam,
1607 2757 1726 2800 quam
1759 2747 1911 2800 volunt,
1943 2748 2021 2787 vim
2045 2745 2197 2795 babere
2228 2754 2436 2798 nunquam
2468 2743 2563 2783 milii

337 2820 588 2874 persuadere
632 2822 754 2875 potui.
824 2821 966 2876 Itaque
1009 2822 1289 2877 Doederlinio,
1342 2832 1461 2877 quem
1504 2822 1668 2864 lionoris
1708 2832 1832 2864 causa
1875 2823 2058 2875 nomino,
2112 2822 2196 2861 viro
2249 2819 2483 2861 doctissimo
2524 2822 2563 2859 et

337 2896 546 2948 ingenioso
605 2896 790 2937 assentiri
833 2896 982 2951 malim,
1027 2898 1096 2951 qui
1138 2897 1337 2939 hominem
1368 2896 1523 2939 solibus
1555 2900 1690 2949 aptum
1722 2894 1889 2949 intelligi
1930 2895 2016 2937 vult
2047 2905 2149 2947 eum,
2195 2895 2308 2935 cuius
2351 2896 2472 2946 caput
2511 2892 2563 2933 sit

338 2968 497 3011 solibus
530 2970 877 3013 accommodatum
907 2972 934 3012 i.
966 2982 1002 3012 e.
1035 2971 1207 3014 calvum.
1270 2970 1522 3025 Quamquam
1554 2981 1605 3012 ne
1637 2971 1715 3012 lioo
1745 2970 1905 3024 quidem
1938 2980 2014 3023 pro
2047 2973 2156 3010 certo
2178 2968 2370 3021 comperi,
2401 2969 2561 3020 poetam

338 3043 495 3087 calvum
529 3045 669 3088 ruisse.
718 3045 800 3088 Sed
833 3046 898 3089 t'ac
929 3045 1077 3089 bonum
1109 3051 1270 3100 poetam
1302 3049 1342 3088 et
1372 3055 1620 3100 praeconum
1653 3050 1692 3088 et
1723 3045 1880 3088 calvum
1913 3050 1953 3087 et
1982 3044 2085 3087 solis
2117 3044 2286 3086 amicum
2320 3042 2459 3096 fuisse,
2489 3049 2563 3094 per

337 3128 403 3162 me
433 3119 526 3160 licet
568 3118 890 3163 doctissimorum
932 3121 1136 3161 hominum
1177 3119 1383 3162 arbitrium
1425 3124 1464 3160 et
1506 3119 1750 3161 voluntatem
1791 3124 2002 3170 constare,
2042 3118 2150 3160 aliae
2190 3118 2402 3169 graviores
2442 3114 2563 3156 etiam

336 3190 611 3238 dubitationes
641 3192 773 3236 locum
805 3194 940 3236 acrius
979 3192 1291 3248 diligentiusque
1332 3192 1617 3246 contemplanti
1658 3197 1698 3235 et
1738 3193 1953 3236 excutienti
1996 3202 2168 3235 necesse
2212 3195 2275 3233 est
2315 3187 2564 3231 oboriantur.

338 3264 439 3309 lllud
480 3266 649 3310 celerem
680 3270 808 3311 irasci
838 3272 919 3312 tam
957 3267 1063 3312 nude
1095 3269 1267 3322 positum
1301 3267 1468 3311 offendit
1498 3277 1609 3322 sane,
1652 3277 1741 3310 curn
1784 3276 2038 3321 nequaquam
2071 3264 2240 3309 sufficiat
2270 3263 2323 3307 ad
2357 3261 2563 3317 ingenium
