2939 3782
386 278 535 335 oppido
566 278 920 333 commendaretur,
960 280 1066 321 omni
1105 277 1357 321 similitudine
1377 284 1433 334 ,et
1462 277 1744 334 probabilitate
1787 282 1953 320 careret.
2013 278 2101 320 Jam
2142 288 2239 320 vero
2280 282 2401 320 totum
2443 279 2574 321 locum

386 358 549 398 strenue
579 355 759 397 excutias
789 357 925 396 nostra
956 355 1107 396 ratione
1137 354 1383 396 restitutam:

918 459 929 469 .
960 458 972 470 .
1003 460 1014 471 ,
1046 459 1056 470 .
1087 429 1273 482 metaque
1301 425 1467 470 ravidis
1496 427 1644 478 (iuvat)

919 503 1073 547 Evitala
1103 504 1201 547 rotis
1230 502 1445 558 palmaque
1476 500 1621 545 nobilis

915 579 1127 621 Terrarum
1158 578 1344 622 dominos
1375 587 1480 633 quae
1510 578 1644 620 evehit
1673 575 1726 619 ad
1756 576 1879 618 Deos.

387 654 415 697 i.
447 664 486 696 e.
517 664 619 708 quos
649 654 758 696 iuvat
788 659 891 696 meta
920 654 1083 698 fervidis
1114 655 1211 697 rotis
1242 655 1390 696 evitata
1420 657 1459 694 et
1490 652 1634 706 palma,
1670 662 1774 706 quae
1804 650 1869 692 vel
1901 649 2056 692 nobiles
2086 653 2281 692 terrarum
2313 648 2495 693 dominos
2525 650 2578 693 ad

387 720 500 769 Deos
530 728 691 781 evehit.x
734 726 899 770 Nobiles
937 733 1070 770 autem
1109 728 1260 770 domini
1300 731 1392 769 sunt
1431 727 1633 780 principes
1673 731 1711 767 et
1751 725 1891 779 reguli,
1932 724 2073 778 quales
2103 722 2297 767 Pindarus
2338 723 2580 767 carminibus

388 808 567 845 exornat.
629 803 872 845 Venusinam
901 809 1033 846 autem
1063 802 1277 846 verborum
1307 800 1611 859 collocationem
1642 802 1730 856 ipse
1760 797 2067 843 animadvertes.
2118 796 2248 852 Addo,
2278 797 2381 841 vellit
2408 799 2444 841 si
2474 808 2580 853 poe-

390 880 472 920 tam
501 888 575 932 pro
604 875 730 919 evellit
759 877 895 920 dicere
925 877 1104 931 potuisse
1133 874 1296 931 probari
1328 880 1479 930 posset,
1510 874 1724 929 hypothesi
1754 874 1916 928 quidem
1947 883 2050 927 opus
2080 881 2158 915 non
2189 881 2297 914 esse.

523 961 591 992 ars
624 963 666 1003 p.
699 964 735 992 v.
767 950 851 993 26⁷
882 954 1024 993 veniae
1051 954 1254 1003 incautas,
1298 949 1363 992 ubi
1395 949 1516 1003 vulgo
1547 951 1688 991 veniae
1716 951 1871 996 cautus,
1915 957 2155 1001 quamquam
2195 946 2274 988 alia
2305 947 2423 988 etiam
2454 946 2580 987 inter-

390 1026 617 1080 punctione,
648 1036 766 1079 quam
797 1035 900 1078 quae
932 1024 1054 1079 vulgo
1082 1024 1218 1078 fertur,
1249 1027 1355 1066 totns
1383 1023 1497 1066 locus
1528 1022 1732 1065 sanandus
1764 1032 1856 1065 esse
1888 1019 2042 1064 videtur
2070 1021 2149 1062 ita:

1500 1087 1502 1089 ¹
1588 1107 1639 1138 an
1668 1097 1798 1137 omnis

920 1171 1087 1213 Visuros
1117 1176 1285 1224 peccata
1316 1176 1449 1224 putem
1481 1170 1605 1212 mea?
1636 1175 1743 1211 tutus
1775 1174 1816 1210 et
1846 1169 1946 1210 intra

921 1244 1045 1296 Spem
1074 1245 1217 1285 veniae
1248 1244 1429 1285 incautus
1460 1244 1580 1285 vitavi
1611 1241 1782 1295 denique
1812 1241 1983 1295 culpam,

921 1316 1010 1359 Non
1040 1317 1199 1360 laudem
1229 1319 1371 1360 merui.

525 1391 643 1435 Addo
673 1392 803 1434 locum
834 1402 938 1434 nova
968 1392 1292 1445 interpunctione,
1324 1392 1400 1433 nisi
1431 1384 1823 1444 fallorssanandnm,
1854 1390 1889 1431 si
1920 1388 2085 1431 Bentleii
2116 1388 2384 1430 coniecturam
2414 1388 2582 1440 inquam

393 1477 468 1520 pro
497 1468 539 1507 in
570 1477 684 1520 quem
714 1475 868 1507 mecum
899 1464 1152 1518 amplexaris.
1213 1463 1444 1518 Legendum
1474 1465 1593 1518 igitur
1624 1464 1719 1505 erit:
1750 1467 1826 1505 sat.
1861 1462 1902 1516 ll,
1937 1462 1973 1517 3,
2004 1475 2041 1504 v.
2073 1461 2155 1503 275

1589 1536 1694 1579 adde
1723 1547 1907 1580 cruorem

789 1610 991 1655 stultitiae
1020 1615 1140 1667 atquo
1168 1613 1301 1665 ionem
1329 1610 1477 1665 ytadio.
1508 1614 1696 1654 scrutare
1721 1610 1856 1663 modo,
1889 1612 2067 1665 inquam,
2100 1612 2174 1652 etc.

529 1962 616 2006 Una
645 1962 775 2005 littera
805 1965 874 2005 aut
903 1966 1074 2005 mutatur
1103 1967 1170 2005 ant
1200 1962 1360 2006 additur
1390 1965 1459 2005 aut
1488 1961 1641 2005 deletur
1673 1967 1810 2005 contra
1842 1961 2023 2006 codicum
2045 1963 2333 2005 auctoritatem.
2381 1960 2588 2004 Accedunt

395 2037 592 2081 interdum
623 2035 921 2079 emendationes
950 2037 1103 2090 primae
1134 2037 1287 2080 classis.
1349 2036 1489 2081 Statuo
1527 2038 1646 2091 igitur
1676 2042 1744 2080 aut
1772 2047 1869 2079 vero
1899 2037 2085 2091 suspicor
2115 2036 2320 2079 Horatium
2351 2037 2586 2090 scripsisse:

531 2109 661 2153 Germ.
688 2108 758 2152 lib.
788 2109 816 2164 1,
845 2110 889 2164 6,
916 2122 942 2152 v
975 2109 1029 2152 18
1058 2112 1197 2159 νεώς,
1223 2108 1293 2152 ubi
1319 2109 1441 2164 vulgo
1469 2112 1608 2160 sectis,
1635 2109 1742 2164 quod
1763 2120 1882 2164 quam
1901 2111 2107 2153 invenuste
2129 2114 2167 2152 et
2187 2110 2419 2153 invennsine
2438 2109 2588 2152 dictum

396 2187 522 2238 esset,
545 2183 746 2227 Bentleius
774 2184 874 2226 satis
905 2184 1101 2238 exposuit,
1129 2182 1204 2226 sed
1235 2193 1357 2238 quam
1384 2185 1473 2238 ipse
1503 2185 1712 2238 proposuit
1740 2183 2060 2226 emendationem
2085 2185 2234 2226 ser-ictis
2253 2182 2360 2226 haud
2380 2184 2467 2225 scio
2486 2192 2538 2224 an
2561 2195 2585 2224 a

396 2263 555 2311 nostra,
595 2257 703 2311 quod
743 2257 797 2300 ad
830 2258 1037 2300 veritatem
1067 2258 1214 2310 attinet,
1245 2262 1468 2312 superetur,
1506 2269 1599 2300 nam
1639 2257 1693 2300 de
1728 2257 1981 2300 similitudine
2020 2268 2138 2299 nemo
2178 2256 2341 2310 quidem
2384 2255 2590 2299 clamabit.

397 2332 611 2375 Meministi
630 2336 779 2385 anteiri,
804 2333 1045 2385 saepissime
1064 2336 1103 2375 te
1132 2331 1271 2386 legere
1300 2335 1412 2375 recto
1429 2331 1579 2385 alodio,
1610 2332 1701 2383 tolo,
1732 2343 1934 2375 macrone.
1987 2329 2123 2381 Quid?
2153 2341 2282 2374 nonne
2303 2341 2458 2384 ungues
2478 2336 2589 2375 recte

399 2404 543 2450 dixerit
572 2410 696 2460 poeta
722 2406 920 2460 virginum
948 2405 1103 2449 acrium
1126 2403 1298 2461 gladios,
1327 2405 1421 2460 tela,
1450 2417 1672 2460 mucrones,
1703 2404 1851 2460 quibus
1879 2405 1955 2448 etsi
1984 2417 2061 2448 non
2092 2404 2277 2449 occidunt
2316 2405 2587 2460 virluerantre,

398 2484 441 2523 at
470 2481 570 2523 satis
601 2479 736 2534 lepide
763 2481 1024 2524 mhitauur?

795 2565 865 2608 ep.
896 2557 934 2610 7,
964 2567 1000 2597 v.
1033 2555 1088 2597 12
1114 2553 1239 2609 serus,
1265 2553 1332 2598 ubi
1364 2555 1490 2609 vulgo
1519 2553 1631 2608 feris.

533 2643 693 2687 videsis
723 2649 845 2688 totum
877 2645 1030 2688 locum:

1062 2719 1205 2773 Neque
1236 2719 1301 2761 bic
1330 2719 1436 2773 lupis
1467 2730 1555 2761 mos
1586 2730 1660 2761 nec
1689 2720 1762 2762 fuit
1793 2719 1977 2762 leonibus

1061 2792 1256 2847 Unquam,
1286 2793 1367 2834 nisi
1398 2794 1437 2834 in
1469 2791 1619 2847 dispar,
1650 2794 1774 2835 t'erus.

395 2866 423 2906 i.
455 2875 489 2906 e.
520 2867 630 2906 ferus
661 2866 725 2906 hic
755 2877 843 2907 mos
874 2877 1004 2920 neque
1038 2867 1223 2908 leonibus
1253 2877 1427 2920 unquam
1458 2867 1530 2907 suit
1560 2877 1691 2920 neque
1723 2868 1839 2921 lupis,
1880 2869 1954 2908 nisi
1994 2869 2033 2908 in
2075 2867 2223 2921 dispar.
2287 2865 2425 2909 Omnis
2456 2872 2587 2909 autern

394 2938 477 2981 leti
508 2938 726 2992 difficultas,
757 2949 864 2993 qnae
893 2944 1106 2993 tautcpere
1131 2941 1297 2982 vexavit·
1324 2939 1463 2981 doctos
1493 2940 1688 2994 homines,
1719 2941 1794 2982 hac
1816 2941 2101 2995 emendatione,
2132 2949 2238 2995 qaae
2259 2941 2471 2984 verborum
2498 2942 2590 2983 col-

396 3011 605 3055 locatione
629 3013 785 3066 oppido
809 3014 1121 3067 comendam,
1151 3014 1289 3055 statim
1314 3016 1534 3056 evanescit.

530 3091 606 3128 sat.
638 3086 683 3141 ll,
712 3087 750 3141 2,
779 3099 819 3129 v.
850 3089 901 3130 ⁴4
936 3090 1353 3141 medecanam,
1386 3087 1455 3131 ubi
1483 3089 1607 3143 vulgo
1634 3093 1877 3143 praesumes,
1898 3092 2039 3132 auam.
2090 3090 2191 3131 Mira
2222 3088 2358 3131 hercle
2389 3090 2449 3131 vis
2480 3090 2592 3131 veri—

397 3161 496 3203 tatis
523 3149 679 3203 omnem
710 3161 994 3205 afflationem
1023 3162 1272 3218 absorberet,
1302 3165 1338 3205 si
1370 3173 1453 3217 quax
1482 3163 1611 3209 locam
1644 3162 1822 3206 haberet.
1880 3163 1961 3206 Sed
1989 3173 2109 3207 secus
2140 3168 2214 3206 est.
2272 3163 2427 3206 intuere
2458 3167 2591 3206 autem

396 3236 579 3279 remota
607 3236 732 3279 verba
763 3243 929 3291 poetae:

2303 3315 2324 3343 4
