2939 3782
1322 95 1582 145 ..5.-

347 227 508 278 generis
538 230 755 277 praecepta
785 229 825 263 et
856 222 1094 273 adiumenta,
1127 232 1204 262 nna
1234 222 1477 273 perceperit.
1530 220 1780 274 Quamquam
1814 222 1853 261 in
1875 221 1951 261 hoc
1974 231 2133 272 genere,
2163 222 2264 262 sicut
2296 222 2334 262 in
2367 222 2550 264 omnibns

347 298 557 342 honestum
598 304 660 340 est
699 299 827 351 prima
866 302 1064 350 petentem
1103 297 1146 340 in
1185 294 1377 339 secundis
1429 299 1498 337 ant
1538 295 1663 337 tertiis
1703 294 1936 347 consistere,
1978 299 2028 347 ut,
2078 295 2115 341 si
2156 305 2229 347 pro
2270 293 2473 337 debilitate
2513 301 2552 337 et

348 371 560 425 &agilitate
588 372 732 413 mentis
763 371 960 425 humanae
991 372 1098 414 vires
1127 373 1248 422 atque
1279 366 1471 411 industria
1515 379 1593 410 non
1622 365 1772 420 ubique
1815 367 2099 421 perfectionem
2138 368 2343 421 attingunt,
2385 373 2552 411 conatus

345 449 470 487 etiam
502 451 541 486 et
570 443 744 486 studium
775 443 962 485 sufficere
992 441 1178 486 debeant
1207 474 1210 476 Α
1239 441 1336 490 Sed,
1358 443 1542 499 cum'via
1576 445 1616 481 et
1640 441 1799 482 ratione
1831 440 1881 483 de
1912 440 2003 482 loco
2034 440 2207 493 quodam
2240 441 2471 494 disputetur,
2499 441 2550 483 ad

349 520 523 564 ultimam
553 520 616 560 sni
647 519 809 572 generis
841 517 1006 561 formam
1035 518 1297 570 speciemque
1329 514 1573 568 redigendus
1605 526 1698 558 esse
1731 514 1894 557 videtur.

391 637 394 640 ,
484 591 614 635 Habet
634 593 750 646 igitur
773 591 872 634 baec
894 602 963 634 ars
984 596 1065 638 tres
1085 591 1337 644 potissimum
1359 594 1507 643 partes.
1561 590 1610 632 Et
1639 592 1768 643 prima
1797 588 1968 644 quidem,
2000 589 2106 643 quod
2138 590 2373 643 principium
2400 594 2438 631 et
2459 589 2554 632 tun-

269 708 275 714 ,
350 667 577 710 damentum
601 666 718 709 liuius
738 667 900 720 generis
921 670 1029 709 recte
1051 664 1217 719 dixeris,
1240 664 1341 708 liaeo
1373 665 1456 716 erit,
1489 669 1530 707 ut
1551 665 1617 718 qui
1639 663 1691 707 ad
1712 669 1887 713 aetatem
1910 669 2085 706 nostram
2107 668 2374 717 pervenerunt
2395 661 2554 706 codices

349 744 620 796 manuscripti,
643 734 787 795 quibus
804 740 999 784 editiones
1017 740 1204 792 vulgatae
1219 725 1406 792 nituntur,
1424 738 1633 793 diligenter
1649 739 1833 793 legantur
1849 743 1888 781 et
1904 739 2152 781 excutiantur
2169 749 2352 791 quasque
2369 736 2554 781 exhibent

349 816 531 870 singulas
553 816 756 869 lectiones,
778 825 852 856 eae
874 812 1182 868 perscribantur,
1211 812 1452 867 digerantur,
1485 811 1647 856 codices
1666 813 1741 867 ipsi
1763 813 1800 855 in
1822 811 2004 866 familias,
2036 810 2199 867 gradus,
2231 811 2391 854 ordines
2414 800 2554 855 distri-

350 888 521 931 buantur
533 891 680 943 quique
692 889 830 942 optimi
839 889 929 941 sint,
946 890 1140 940 notentur,
1157 896 1236 940 qua
1248 886 1405 930 demum
1424 886 1700 940 disquisitione
1717 891 1756 928 et
1773 887 2088 939 perscrutatione
2100 886 2278 939 perlecta
2291 885 2384 939 quid
2397 886 2553 927 tandem

350 962 535 1005 traditum
567 964 627 1015 sit,
669 972 712 1001 re
753 971 848 1001 vera
881 967 919 1001 et
949 960 1171 1003 luculenter
1203 960 1399 1003 efficiatur
1429 965 1468 1000 et
1500 965 1692 1013 emergat.
1755 959 2126 1012 verumenimvero,
2165 964 2208 999 ut
2238 960 2371 999 omnia
2403 961 2556 998 morta-

351 1036 445 1078 lium
478 1046 601 1088 opera
633 1045 774 1075 manca
805 1040 898 1075 sunt
929 1040 969 1074 et
999 1034 1165 1087 caduca,
1197 1034 1316 1075 facile
1345 1040 1408 1076 est
1437 1034 1490 1075 ad
1522 1033 1834 1087 intelligendum,
1864 1043 1992 1085 grave
2023 1033 2100 1073 boc
2131 1033 2422 1084 molestumque
2455 1032 2556 1072 doc-

351 1114 478 1149 torum
512 1111 715 1157 bominum
747 1120 888 1148 munus
919 1109 984 1148 vel
1016 1110 1188 1148 maxima
1227 1108 1429 1161 diligentia
1471 1107 1650 1147 adhibita
1691 1107 1741 1147 ad
1783 1109 1927 1146 iustum
1970 1112 2283 1159 exoptatumque
2325 1106 2439 1145 tinem
2480 1117 2558 1145 non

352 1195 475 1236 posse
498 1184 674 1236 perduci.
727 1184 842 1223 Alius
863 1184 943 1222 alio
966 1184 1121 1236 melius,
1151 1184 1295 1235 acrius,
1326 1183 1519 1235 sagacius
1550 1180 1674 1221 libros
1707 1183 1864 1232 inspicit
1893 1182 2094 1232 aliamque
2126 1192 2318 1220 novarum
2347 1181 2557 1220 lectionum

351 1243 643 1311 copiameruit,
677 1260 794 1297 immo
826 1258 945 1299 tacite
977 1260 1119 1310 evenit,
1151 1263 1195 1296 ut
1225 1259 1292 1310 qui
1323 1258 1564 1297 novissimus
1595 1256 1774 1295 codicem
1797 1257 2039 1308 peragravit,
2069 1255 2171 1302 alios
2196 1265 2348 1308 omnes,
2380 1256 2445 1306 qui
2467 1259 2559 1293 ante

351 1341 399 1373 se
429 1332 637 1385 periclitati
667 1333 755 1384 sint,
798 1332 920 1384 lippis
961 1332 1091 1372 oculis
1134 1331 1343 1371 laborasse
1386 1330 1611 1370 contendat.
1673 1329 1789 1369 Adde
1832 1329 1938 1382 quod
1978 1331 2072 1368 novi
2104 1329 2267 1370 codices
2298 1331 2559 1382 reperiuntur,

353 1415 405 1446 ex
436 1404 581 1458 quibus
611 1416 738 1447 novas
769 1416 894 1459 saepe
925 1405 1119 1458 lectiones
1150 1410 1399 1459 expromunt,
1429 1404 1537 1447 adde
1568 1404 1822 1446 librariorum
1843 1404 1905 1445 vel
1934 1403 2365 1446 doctorum-hominum
2387 1413 2560 1455 errores

351 1479 478 1521 falsas
518 1481 689 1532 species,
734 1490 782 1520 ne
824 1478 952 1522 dicam
993 1479 1169 1533 fraudes,
1211 1478 1359 1533 quibus
1398 1480 1564 1532 saepius
1606 1477 1751 1520 inducti
1792 1477 1896 1520 falsa
1938 1488 2010 1531 pro
2047 1479 2154 1520 veris
2186 1476 2396 1520 babemus,
2458 1474 2560 1525 Quid

352 1554 485 1607 ergo?
527 1558 701 1596 totumne
733 1553 1024 1596 emendationis
1053 1565 1156 1608 opus
1189 1554 1426 1608 omittamus,
1469 1552 1597 1595 donec
1626 1552 1677 1593 ad
1710 1553 1915 1594 terminum
1948 1545 2161 1606 quendam,
2203 1552 2269 1604 qui
2303 1550 2409 1592 nulla
2442 1550 2560 1603 cogi-

352 1629 502 1669 tatione
534 1629 711 1680 praecipi
743 1633 886 1683 potest‚
918 1633 1150 1681 perventum
1181 1629 1288 1670 erit?
1332 1628 1493 1670 Minime
1525 1638 1635 1669 vero.
1697 1626 1867 1669 Strenue
1898 1638 1982 1668 rem
2012 1626 2300 1679 aggrediamur
2330 1630 2369 1667 et
2399 1625 2560 1677 ingenio

351 1699 521 1745 subacto
561 1712 798 1754 summaque
830 1701 1023 1755 religione
1055 1714 1109 1745 ex
1140 1703 1204 1756 iis,
1245 1712 1350 1755 qnae
1391 1707 1458 1744 ant
1502 1701 1579 1754 ipsi
1620 1700 1790 1743 vidimus
1830 1706 1898 1742 aut
1937 1700 2007 1742 alii
2046 1711 2092 1743 se
2134 1699 2281 1742 vidisse
2321 1697 2560 1752 profitentur,

350 1776 513 1825 textum,
554 1785 671 1824 quem
714 1772 859 1825 dicunt,
900 1774 1088 1816 traditum
1124 1776 1415 1815 constituamus
1455 1785 1640 1827 eumque,
1682 1778 1870 1825 quantum
1914 1772 1996 1814 lieri
2038 1774 2194 1826 poterit,
2234 1784 2260 1814 a
2300 1770 2426 1814 doctis
2464 1772 2560 1814 viris

352 1843 654 1898 comprobatum
694 1846 937 1887 sanciamus.
1000 1845 1188 1899 Sequitur
1229 1844 1356 1886 altera
1398 1855 1505 1899 pars,
1548 1850 1588 1887 ut
1620 1855 1670 1887 ex
1701 1846 1762 1898 iis,
1803 1855 1908 1898 quae
1939 1843 2087 1887 tradita
2117 1856 2210 1888 esse
2242 1847 2435 1899 convenit,
2467 1844 2562 1899 quid

352 1917 405 1960 ab
448 1920 536 1972 ipso
577 1919 772 1971 scriptore
814 1919 1033 1972 profectum
1065 1924 1133 1960 aut
1164 1929 1260 1959 vero
1291 1918 1356 1960 vel
1395 1919 1537 1960 iniuria
1570 1924 1791 1971 temporum
1824 1919 1885 1959 vel
1919 1920 2075 1960 inscitia
2107 1923 2147 1960 et
2176 1921 2329 1961 incuria
2360 1919 2560 1961 bominum

354 1998 581 2045 corruptum
624 1991 963 2046 depravatumque
1003 2003 1096 2035 esse
1139 1992 1447 2035 existimandum
1477 1994 1542 2047 sit,
1583 1996 1779 2034 communi
1822 1994 2028 2036 doctorum
2059 1994 2259 2035 hominum
2291 1994 2440 2035 iudicio
2472 1999 2561 2035 sta-

353 2071 496 2107 tuatur.
559 2066 658 2107 Tum
700 2065 860 2107 demum
902 2066 955 2107 ad
995 2067 1148 2107 tertiam
1180 2071 1344 2119 partem·
1365 2066 1564 2108 accedere
1596 2067 1690 2110 licet
1720 2074 1842 2121 atque
1873 2073 2041 2123 oportet,
2074 2079 2179 2122 quae
2210 2070 2249 2109 in
2280 2067 2560 2110 emendatione

353 2150 426 2194 per
467 2143 736 2182 coniecturam
776 2140 864 2182 sive
907 2139 1192 2183 divinationem
1232 2140 1418 2184 facienda
1459 2146 1643 2185 versatur
1684 2141 1857 2197 ideoque
1881 2141 2175 2185 coniecturalis
2217 2143 2279 2184 vel
2325 2142 2559 2185 divinatoria

352 2215 488 2257 critica
520 2213 781 2268 nuncupatur.
847 2214 957 2257 lianc
999 2225 1094 2257 vero
1135 2216 1202 2270 qui
1245 2220 1352 2257 recte
1385 2220 1538 2271 tractat,
1580 2227 1670 2259 eum
1702 2221 1822 2271 caput
1851 2218 1978 2258 omnis
2011 2216 2215 2259 doctrinae
2244 2218 2332 2259 sive
2364 2227 2559 2259 summum

353 2289 597 2343 philologiae
628 2287 753 2332 decus
783 2290 993 2344 ipsamque
1024 2291 1140 2343 quasi
1169 2287 1385 2332 medullam
1418 2291 1519 2333 tueri
1551 2291 1636 2332 iure
1667 2290 1936 2333 contenderis.

485 2361 622 2406 Habes
663 2364 898 2417 tripartitum
939 2363 1169 2417 palaestrae
1212 2363 1373 2414 criticae
1414 2374 1599 2419 campum
1636 2370 1676 2407 et
1711 2364 1961 2419 curriculum,
2010 2366 2047 2407 in
2096 2375 2175 2420 quo
2211 2367 2278 2420 qui
2315 2367 2422 2407 vires
2463 2374 2559 2407 suas

354 2441 580 2490 exerceant,
601 2438 649 2481 iis
671 2444 830 2491 praeter
851 2436 1093 2492 peculiarem
1114 2437 1404 2493 supellectilem
1427 2439 1612 2482 universa
1635 2440 1881 2494 antiquitatis
1903 2440 2128 2493 cognitione
2146 2450 2249 2493 opus
2266 2450 2357 2482 esse
2377 2437 2558 2481 diximus.

355 2512 486 2554 Facile
520 2516 651 2554 autem
684 2511 819 2566 liquet,
856 2512 928 2554 bas
959 2518 1095 2566 partes
1125 2515 1180 2555 ita
1210 2514 1309 2556 inter
1339 2524 1385 2555 se
1417 2513 1650 2567 cohaerere,
1692 2520 1733 2556 ut
1763 2514 1869 2557 nulla
1912 2524 2095 2557 seorsum
2126 2516 2201 2556 rite
2232 2515 2391 2556 tractari
2421 2514 2560 2567 possit.

354 2586 509 2629 Etenim
533 2587 600 2640 qui
621 2585 833 2641 emendare
864 2590 1099 2641 scriptorem
1131 2588 1313 2631 locumve
1345 2594 1522 2643 conatur,
1553 2599 1643 2631 eum
1676 2595 1766 2632 ante
1796 2590 1929 2631 omnia
1961 2599 2198 2644 persuasum
2222 2587 2371 2630 habere
2393 2592 2560 2642 oportet,

353 2660 457 2702 bunc
478 2660 621 2714 locum,
643 2660 775 2714 qualis
796 2662 953 2716 legitur,
973 2661 1025 2703 ab
1049 2662 1125 2703 lioc
1145 2663 1338 2716 scriptore
1360 2662 1559 2715 proficisci
1591 2672 1669 2703 non
1690 2663 1886 2715 potuisse.
1934 2662 2051 2713 Quod
2073 2662 2293 2710 diiudicare
2314 2673 2395 2705 non
2417 2667 2559 2716 potest,

351 2734 428 2775 nisi
450 2721 785 2787 quicompertum
809 2734 942 2789 habet,
964 2735 1002 2777 id
1026 2736 1132 2790 quod
1155 2736 1281 2790 prima
1302 2740 1416 2789 parte
1434 2735 1610 2790 docetur,
1634 2736 1828 2791 quidquid
1846 2738 2106 2779 membranae
2123 2736 2365 2789 tradiderint,
2383 2735 2558 2790 quidque

352 2817 405 2848 ex
422 2808 528 2848 omni
550 2807 761 2850 lectionum
785 2808 899 2851 turba
921 2811 1109 2863 optimum
1131 2821 1224 2852 esse
1245 2812 1488 2851 convenerit.
1535 2808 1785 2864 Quamquam
1808 2813 2080 2854 necessarium
2103 2822 2194 2852 esse
2218 2812 2376 2852 minime
2399 2820 2559 2862 censeo.

354 2880 525 2924 eundem
558 2883 623 2936 qui
657 2883 695 2923 in
726 2882 854 2925 altera
887 2884 1082 2938 tertiaque
1114 2890 1230 2938 parte
1260 2889 1453 2939 versatur,
1492 2886 1578 2927 suis
1608 2886 1739 2939 ipsum
1769 2886 1898 2928 oculis
1930 2890 2089 2927 veteres
2120 2884 2246 2930 libros
2277 2884 2559 2944 perlustrasse,

352 2956 473 2997 immo
506 2966 601 3000 vero
633 2956 819 2999 sulficere
851 2958 1018 3011 videtur,
1050 2958 1102 3000 ab
1134 2959 1223 3001 aliis
1254 2969 1315 3012 ea,
1357 2968 1461 3013 qnae
1492 2958 1666 3012 petenda
1698 2964 1787 3001 sunt
1820 2971 1868 3001 ex
1903 2960 1978 3002 hac
2007 2958 2224 3014 provincia,
2266 2964 2402 3002 mutua
2434 2968 2557 3001 acce-

351 3031 463 3084 pisse
496 3029 789 3085 diligenterque
821 3037 859 3073 et
890 3033 1093 3086 religiose,
1121 3043 1240 3086 qnae
1282 3032 1337 3073 illi
1379 3031 1560 3074 viderunt
1600 3021 1757 3088 sibique
1798 3033 2116 3089 suppeditarunt,
2158 3035 2410 3087 cognovisse.
2468 3032 2557 3073 Jam

354 3113 453 3147 vero
485 3101 581 3158 qnid
612 3105 789 3147 censes?
832 3109 979 3159 quanta
1021 3105 1197 3152 doctrina
1241 3107 1469 3166 instructum
1502 3116 1594 3151 esse
1627 3107 1734 3151 illum
1766 3114 1953 3163 oportere
1983 3108 2217 3163 suspicariS,
2249 3108 2317 3163 qui
2347 3116 2396 3149 ne
2428 3104 2556 3149 dicam

355 3178 602 3231 scriptorem,
633 3179 704 3219 sed
733 3190 850 3222 unum
884 3181 1013 3223 locum
1046 3179 1261 3223 emendare
1292 3181 1329 3222 in
1351 3181 1524 3223 animum
1544 3181 1739 3230 inducat?
1771 3185 1838 3237 qui
1861 3183 2119 3225 fundamento
2140 3182 2209 3225 illo
2230 3182 2365 3236 posito
2386 3181 2555 3235 primum

2286 3264 2304 3292 2
