2939 3782
1290 170 1551 220 -4·-

305 291 398 337 dum
428 293 548 336 etiam
579 292 646 336 uni
676 302 833 335 omnem
864 303 1032 346 operam
1067 299 1317 337 consecrant.
1382 293 1464 338 Sed
1495 295 1534 336 in
1568 305 1646 337 uno
1677 297 1872 348 scriptore
1904 296 2110 338 tractando
2142 309 2328 350 magnam
2361 298 2520 340 discre-

307 367 481 422 pantiam
523 371 561 409 et
602 367 761 421 copiam
804 377 972 410 cernere
1016 367 1119 422 licet,
1165 379 1254 411 cum
1300 373 1368 411 aut
1408 370 1527 411 vitam
1568 369 1776 421 scriptoris
1819 370 2100 423 ingeniumque
2143 382 2194 412 ex
2233 372 2395 424 scriptis
2436 375 2523 413 eius

233 473 241 482 .
307 440 520 484 enucleare
552 445 592 483 et
623 451 861 495 expromere
891 441 1080 483 studeant
1123 446 1190 484 aut
1221 444 1259 483 in
1291 431 1544 496 explicandis
1580 441 1703 483 rebus
1735 442 1951 497 verbisque
1984 442 2273 485 difficilioribus
2304 448 2520 499 praecipue

307 520 517 557 versentur
557 520 625 557 aut
666 519 792 557 arteni
834 516 1013 557 criticam
1055 514 1272 558 adhibeant
1310 520 1378 558 aut
1409 526 1507 558 vero
1539 515 1653 570 leges
1685 521 1723 559 et
1754 518 1929 559 rationes
1961 519 2255 571 grammaticas,
2287 518 2522 578 rhetoricas,

306 590 518 644 metricas,
565 600 749 645 quaeque
795 595 885 632 sunt
927 590 1007 632 alia
1055 592 1171 633 huius
1214 592 1397 645 generis,
1441 595 1748 645 persequantur.
1822 590 1954 633 Pauca
2001 590 2161 644 quidem
2209 603 2283 645 pro
2327 594 2523 634 immensa

307 665 499 707 materiae
532 663 636 706 mole
668 663 935 719 exhibuimus,
977 664 1050 707 sed
1093 675 1196 719 quae
1237 664 1435 708 sufficiant
1466 664 1517 707 ad
1550 664 1764 719 imaginem
1796 663 2111 707 adumbrandam
2144 675 2361 721 munerum,
2398 672 2439 709 ut
2470 667 2522 709 ita

308 738 450 794 dicam,
482 738 764 793 abundantiae,
797 749 902 794 quae
925 739 1141 794 philologis
1170 738 1381 783 subeunda
1403 743 1444 782 et
1464 738 1778 782 administranda
1799 746 2089 793 proponuntur.
2144 740 2522 784 Vides-immensum

307 815 502 869 spatium,
559 815 597 856 in
649 824 729 868 quo
780 813 998 856 decurrere
1047 815 1203 869 possint
1254 815 1516 868 ingenuarum
1568 815 1710 856 artium
1744 803 1953 868 studiosi,
2004 815 2190 857 infinitam
2237 815 2523 869 praeclarissi-

309 899 461 930 morum
494 899 660 941 operum
693 887 848 930 turbam
881 889 1093 942 prospicis,
1132 889 1170 929 in
1204 887 1350 942 quibus
1380 893 1544 930 strenue
1575 886 1837 929 absolvendis
1868 890 1974 930 vires
2006 895 2222 931 exerceant
2262 895 2303 931 et
2343 892 2521 945 praemia

306 963 481 1003 tortasse
512 962 719 1002 doctarum
752 962 938 1002 frontium
969 962 1196 1014 acquirant.
1261 963 1392 1015 Atque
1424 962 1567 1001 merito
1597 962 1763 1002 summis
1795 960 1980 1003 laudibus
2013 962 2173 1004 diversa
2205 962 2307 1013 haec
2336 964 2520 1017 singula-

308 1047 393 1077 rum
425 1035 489 1077 vel
520 1035 769 1077 minimarum
803 1037 973 1087 partium
1004 1041 1044 1075 et
1075 1036 1258 1090 locorum
1294 1036 1553 1088 pertractatio
1585 1034 1853 1087 praedicatur,
1894 1037 1928 1076 si
1971 1036 2046 1076 hac
2086 1035 2178 1089 lege
2219 1040 2258 1076 et
2298 1036 2524 1079 conditione

307 1110 536 1161 instituitur,
567 1116 608 1150 ut
639 1111 705 1161 qui
738 1111 776 1149 in
807 1109 890 1149 illis
921 1121 1088 1161 operam
1118 1121 1233 1150 suain
1267 1110 1450 1163 collocat,
1482 1119 1623 1149 omnes
1654 1109 1761 1149 idern
1785 1109 1885 1150 flnes
1905 1120 1955 1150 ac
1975 1115 2114 1162 partes
2136 1112 2254 1152 totius
2275 1112 2371 1153 artis
2393 1116 2522 1153 mente

307 1184 544 1241 complexus
576 1195 657 1236 quo
687 1183 845 1235 singula
877 1195 1065 1235 quaeque
1098 1184 1326 1224 referantur
1358 1189 1396 1223 et
1426 1186 1663 1235 pertineant,
1699 1185 1835 1236 utique
1867 1189 2112 1237 compertum
2135 1185 2303 1230 habeat.
2367 1185 2525 1229 Caveas

309 1260 423 1309 enim,
466 1270 516 1298 ne
557 1257 893 1310 quemadmodum
926 1262 963 1296 in
996 1257 1172 1297 sordidis
1203 1257 1357 1297 artibus
1395 1259 1650 1311 negotiisque
1693 1257 1912 1298 levioribus
1952 1257 2105 1300 laboris
2147 1259 2213 1300 illa
2257 1260 2399 1302 divisio
2439 1262 2525 1303 iure

306 1332 621 1384 commendatur,
651 1334 713 1372 sic
743 1334 783 1371 in
808 1331 1048 1372 ‘liberalibus
1079 1332 1233 1372 artibus
1266 1342 1428 1386 quoque
1460 1332 1684 1385 litterisque
1716 1341 1791 1373 suo
1819 1340 2018 1387 quemque
2040 1332 2131 1374 loco
2150 1341 2264 1375 suam
2287 1334 2524 1388 particulam

306 1406 521 1448 awolvere
553 1417 676 1460 posse
708 1411 824 1460 putes
856 1416 1051 1447 summam
1081 1407 1182 1446 artis
1215 1407 1467 1460 ignorantem
1499 1407 1668 1461 eiusque
1701 1417 1791 1449 eum
1822 1408 1992 1461 singulis
2024 1406 2206 1450 omnibus
2228 1409 2525 1452 cohaerentiam

304 1481 592 1536 negligentem.
656 1479 819 1522 Frustra
850 1491 948 1522 sane
980 1485 1019 1522 et
1050 1480 1171 1522 invita
1199 1480 1379 1524 Minerva
1411 1479 1570 1523 laborat
1600 1481 1828 1536 quicunque
1862 1480 2035 1524 divinam
2067 1492 2233 1536 operam
2265 1478 2392 1526 Musis
2423 1494 2526 1527 con-

307 1561 506 1598 secratam
538 1561 616 1596 tam
649 1553 768 1596 foede
799 1554 850 1596 ad
880 1555 1148 1597 communium
1182 1556 1287 1597 vitae
1318 1554 1576 1609 quotidianae
1606 1553 1792 1598 laborum
1823 1555 2117 1598 similitudinem
2150 1555 2322 1612 dirigere
2346 1563 2524 1601 conetur.

312 1631 459 1684 Magna
501 1629 665 1684 quidem
706 1628 933 1672 mortalium
974 1640 1102 1683 opera
1145 1633 1315 1683 possunt
1353 1628 1406 1672 ad
1448 1630 1593 1672 iustum
1628 1629 1747 1672 finem
1779 1636 1818 1672 et
1847 1631 2136 1683 perfectionem
2178 1633 2232 1673 ita
2264 1633 2443 1686 perduci,
2485 1639 2527 1674 nt

307 1703 495 1759 singulae
535 1703 748 1747 multarum
789 1714 1003 1758 operarum
1034 1705 1142 1747 vires
1173 1708 1214 1746 et
1243 1701 1409 1747 labores
1439 1703 1572 1758 ligna„
1601 1710 1736 1747 cetera
1766 1705 2024 1758 suggerendo
2055 1705 2253 1757 particula
2284 1706 2352 1747 illa
2384 1704 2528 1748 absol-

307 1775 439 1821 venda
469 1776 771 1831 perfungantur,
801 1784 922 1830 quam
952 1777 1090 1829 operis
1121 1778 1263 1817 auctor
1294 1783 1343 1829 ao
1373 1774 1576 1828 princeps,
1606 1777 1674 1827 qut
1705 1785 1809 1817 unns
1840 1773 2018 1828 spectem
2051 1776 2156 1817 itlius
2189 1781 2318 1818 mente
2350 1787 2529 1831 concep-

307 1856 390 1894 tam
433 1855 539 1893 tenet
579 1861 628 1893 ac
659 1854 801 1904 tuetur,
841 1848 1011 1902 singulis
1053 1847 1339 1902 perficiendam
1389 1846 1577 1890 attribuit.
1645 1848 1795 1890 Verum
1834 1846 1886 1889 ab
1929 1849 2005 1890 hac
2046 1850 2211 1903 originis
2251 1848 2530 1892 mediocritate

309 1925 568 1968 vehementer
609 1924 798 1965 abhorret
837 1923 1059 1964 litterarum
1101 1924 1327 1976 artiumque
1371 1920 1495 1963 decus
1533 1926 1575 1963 et
1606 1927 1758 1976 natura,
1793 1922 1906 1976 'quae
1946 1924 2050 1965 sicut
2095 1924 2197 1964 inter
2238 1933 2332 1966 sese
2373 1923 2532 1966 vinculo

311 1999 486 2053 quodam
508 2010 648 2041 omnes
672 2002 933 2051 continentur,
966 1998 1018 2038 ita
1054 1998 1232 2038 cuiusvis
1261 1997 1363 2038 artis
1396 1996 1457 2037 vel
1491 1995 1697 2038 doctrinae
1728 1997 1915 2050 singulae
1946 2006 2109 2051 quoque
2141 2002 2278 2051 partes
2311 2007 2532 2051 earumque

311 2075 489 2128 ipsarum
531 2073 595 2114 vel
638 2074 823 2114 minimae
864 2071 1082 2124 particulae
1124 2076 1205 2112 tam
1249 2075 1358 2112 arcte
1399 2072 1502 2112 inter
1542 2081 1589 2112 se
1620 2070 1850 2124 cohaerent,
1895 2076 1934 2112 ut
1976 2072 2051 2112 nisi
2092 2073 2159 2125 qui
2204 2076 2360 2114 ceteras
2392 2082 2532 2114 omnes

311 2146 657 2202 comprehendens
698 2147 927 2190 universam
960 2147 1134 2200 speeiem
1164 2150 1298 2187 mente
1329 2150 1565 2199 conceptam
1599 2144 1738 2198 utique
1770 2144 2060 2199 contemplatur
2091 2150 2131 2188 et
2161 2146 2336 2200 respicit,
2377 2147 2415 2188 in
2457 2157 2537 2189 noa

312 2221 524 2265 elaborare
556 2221 667 2264 nullo
707 2220 826 2264 modo
858 2222 998 2275 possit.
1062 2218 1242 2262 Necesse
1287 2224 1350 2262 est
1393 2219 1511 2274 igitur
1556 2220 1784 2275 quicunque
1825 2219 1865 2262 in
1907 2219 2158 2275 philologiae
2200 2225 2313 2275 parte
2358 2219 2532 2275 quadam

314 2296 524 2340 tractanda
566 2296 812 2351 peculiarem
853 2305 1017 2350 operam
1049 2294 1277 2348 collocavit,
1322 2294 1432 2349 quod
1474 2298 1583 2339 reete
1624 2294 1709 2338 fleri
1747 2305 1872 2349 supra
1917 2295 2102 2349 diximus,
2146 2306 2238 2337 nam
2283 2296 2414 2337 omnia
2458 2307 2536 2337 non

312 2380 530 2427 possumus
570 2380 722 2424 omnes,
763 2368 935 2413 eundem
976 2369 1105 2412 omnis
1143 2368 1263 2413 huius
1296 2367 1507 2412 doctrinae
1538 2367 1815 2413 adumbratam
1849 2375 1959 2413 certe
1991 2369 2204 2424 imaginem
2237 2375 2275 2412 et
2306 2370 2537 2412 universam

312 2446 581 2501 cognitionem
621 2446 677 2487 ita
718 2443 942 2498 complecti,
984 2446 1026 2487 ut
1067 2443 1260 2498 plurimas
1301 2444 1486 2487 immensi
1527 2444 1659 2498 campi
1701 2444 1887 2497 regiones
1931 2444 2236 2498 perlustraverit
2276 2450 2314 2487 et
2350 2456 2537 2498 magnam

314 2520 555 2564 voluminum
587 2518 754 2574 turbam,
787 2530 865 2562 non
897 2519 1100 2573 principes
1131 2518 1261 2561 solum
1294 2522 1334 2560 et
1365 2519 1455 2572 ipsa
1487 2519 1637 2561 lumina
1667 2520 1907 2573 scriptorum
1941 2518 2158 2562 delibando
2201 2518 2362 2574 quidem
2394 2524 2539 2569 gnsta-

315 2596 429 2637 verit.
492 2595 632 2636 Mirum
664 2605 762 2636 sane
795 2599 983 2648 quantum
1016 2593 1119 2636 lucis
1163 2592 1311 2647 ubique
1344 2603 1393 2635 ex
1425 2593 1652 2647 cognitione
1693 2595 1881 2636 universa
1923 2594 2095 2648 singulis
2140 2592 2319 2648 partibus
2361 2599 2400 2636 et
2442 2593 2541 2637 locis

315 2655 560 2725 aspergitur,
588 2671 757 2724 quippe;
799 2670 931 2710 omnia
963 2670 1066 2710 enim
1098 2647 1321 2710 arctissime
1354 2678 1445 2710 cum
1480 2669 1581 2709 inter
1611 2677 1656 2709 se
1687 2667 1947 2723 cohaereant,
1987 2669 2156 2711 invicem
2200 2679 2292 2711 sese
2336 2670 2542 2720 sustinent,

316 2744 561 2797 confirmant,
602 2743 800 2785 illustrant
841 2747 879 2783 et
919 2743 1021 2785 sicut
1064 2743 1246 2796 corporis
1276 2740 1467 2796 membra,
1508 2752 1613 2796 quae
1646 2743 1856 2785 coniuncta
1891 2753 1980 2786 cum
2014 2744 2160 2785 ceteris
2194 2743 2340 2797 vigent,
2382 2741 2542 2784 divulsa

317 2820 546 2872 moriuntur,
587 2820 621 2859 si
662 2817 880 2859 secluseris
913 2821 952 2857 et
983 2817 1212 2858 removeris
1243 2815 1295 2857 ab
1328 2817 1600 2869 universitate,
1642 2818 1756 2858 cuius
1797 2827 1876 2859 una
1920 2818 1956 2858 vi
1998 2822 2038 2858 et
2079 2817 2241 2859 vinculo
2285 2817 2543 2870 continentur,

314 2902 472 2936 ornnem
505 2894 684 2948 vigorem
716 2902 766 2934 ac
795 2891 985 2934 decorem
1009 2892 1209 2934 amittunt.
1263 2889 1520 2933 Luculentius
1553 2889 1658 2932 hunc
1688 2877 1821 2933 locum
1854 2897 1891 2935 et
1928 2890 2095 2934 uberius
2127 2891 2322 2945 exemplis
2356 2890 2544 2934 adhibitis

314 2966 522 3023 explicare
555 2968 757 3021 possimus
788 2968 1107 3021 sententiamque
1156 2965 1206 3009 de
1237 2964 1409 3019 siugulis
1440 2963 1624 3008 omuibus
1655 2964 1900 3019 philologiae
1932 2964 2111 3020 partibus
2145 2964 2428 3021 comprobare,
2460 2965 2546 3019 sed,

316 3053 366 3084 ne
405 3053 481 3096 pro
521 3043 638 3084 huius
680 3043 905 3095 scripturae
949 3038 1096 3082 tinibus
1137 3045 1178 3083 et
1220 3040 1431 3095 proposito
1473 3040 1632 3094 longius
1674 3046 1871 3094 evagetur
1914 3042 2053 3094 oratio,
2096 3051 2200 3084 nune
2234 3040 2394 3094 quidem
2427 3050 2545 3083 unam

316 3118 457 3172 paucis
489 3117 690 3160 iliustrare
721 3114 909 3171 conabor,
941 3125 1047 3171 quae
1077 3116 1117 3158 in
1155 3118 1338 3159 veteram
1369 3112 1482 3158 libris
1514 3114 1777 3159 emendandis
1797 3120 1997 3159 versatur.
2052 3115 2189 3170 ltaque
2211 3117 2380 3169 primum
2401 3119 2547 3168 statuo,

315 3196 442 3234 artem
474 3192 664 3244 criticam,
706 3193 740 3232 si
772 3201 892 3246 quam
926 3190 1175 3245 philologiae
1209 3194 1379 3245 partem,
1427 3191 1502 3232 rite
1534 3192 1696 3233 tractari
1729 3195 1768 3233 et
1799 3192 1981 3234 exerceri
2014 3202 2093 3234 non
2127 3199 2259 3245 posse,
2292 3191 2366 3233 nisi
2402 3187 2453 3232 ab
2486 3200 2547 3241 eo,

316 3268 384 3320 qui
417 3278 572 3308 omnem
604 3268 846 3321 antiquitatis
879 3265 1100 3308 doctrinam
1133 3271 1263 3308 mente
1296 3266 1543 3319 complexus
1576 3266 1653 3319 illa,
1686 3277 1790 3319 quae
1823 3268 1986 3320 propria
2008 3271 2160 3308 suntet
2184 3265 2405 3319 peculiaria
2429 3265 2547 3305 huius

353 3775 591 3782 ψωμ--φ--ο-ψη
670 3775 755 3781 7,».-
