2939 3782
1016 377 1100 428 (est
1129 377 1285 419 animus
1318 375 1389 419 tibi
1421 409 1430 418 .
1461 410 1471 419 .
1503 410 1512 419 .
1546 380 1585 426 .)

1017 449 1177 494 Vindex
1206 460 1356 494 avarae
1387 449 1540 495 fraudis
1569 455 1614 495 et
1642 449 1850 502 abstinens

1018 523 1212 568 Ducentis
1243 523 1295 568 ad
1324 534 1372 568 se
1399 529 1546 569 cuncta
1576 511 1773 582 pecuniae

1020 596 1252 654 Consulqne
1283 610 1362 642 non
1391 601 1510 643 unius
1540 602 1646 657 anni,

1018 672 1103 716 Sed
1134 673 1319 727 quotiens
1342 671 1480 717 ‘bonus
1509 677 1631 729 atque
1661 672 1763 718 fluns

1016 747 1150 790 Judex
1181 747 1250 801 qni
1281 747 1492 792 honestum
1524 748 1713 802 praetulit
1743 749 1841 803 utili,

1014 820 1171 865 Reiecit
1199 821 1282 864 alto
1313 821 1420 865 dona
1451 823 1680 866 nocentium

1016 895 1134 939 voltu
1164 900 1206 938 et
1232 905 1309 951 per
1338 895 1537 941 obstantis
1568 901 1759 940 catervas

752 1020 755 1023 .
1016 970 1217 1024 Explicuit
1246 982 1320 1014 sua
1353 972 1482 1014 victor
1511 982 1641 1014 arma.
2319 1023 2325 1029 ἱ

434 1102 439 1106 7
478 1045 616 1101 Quem,
648 1056 817 1101 quaeso,
858 1039 1028 1088 iudicem
1064 1046 1240 1087 nominat
1285 1050 1325 1088 et
1354 1045 1565 1100 praedicat
1593 1047 1751 1100 poeta?
1812 1044 1941 1097 Quem
1973 1052 2017 1090 tn
2047 1046 2144 1090 mibi
2173 1045 2344 1090 Lollium
2375 1047 2559 1100 indicem,

343 1122 449 1165 bone
482 1124 690 1176 interpres,
720 1119 852 1163 adhuc
882 1119 1088 1167 narrasti?
1141 1118 1291 1162 Lollius
1322 1120 1464 1163 consa}
1493 1120 1536 1162 tit
1566 1121 1700 1164 iudice
1731 1120 1888 1175 populo
1917 1122 2047 1174 toties,
2079 1122 2238 1175 quoties
2269 1120 2434 1164 ambitio
2463 1127 2561 1164 sce·-

342 1198 447 1240 lesta
477 1196 718 1248 devincitur,
750 1195 909 1248 quoties
938 1193 1113 1248 populus
1146 1191 1277 1236 bonus
1308 1198 1429 1248 atque
1459 1192 1562 1236 ildns
1602 1194 1655 1238 ab
1689 1195 1897 1238 honestate
1940 1196 2049 1239 stetit
2088 1200 2129 1237 et
2169 1194 2276 1238 dona
2316 1193 2560 1238 deteriorum

344 1271 653 1323 nocentiumque
685 1269 900 1321 hominum,
942 1268 1010 1321 qui
1041 1266 1292 1308 consulatum
1323 1265 1510 1320 ambiunt,
1541 1273 1782 1320 aspernatus
1815 1268 2106 1313 multitudinem
2135 1268 2189 1324 ab
2221 1268 2303 1310 illis
2332 1273 2561 1322 corruptam

345 1345 561 1401 superavit.
624 1346 755 1398 Atque
798 1343 875 1384 hoc
916 1339 1077 1395 quidem
1120 1340 1210 1382 luce
1253 1340 1401 1383 clarius
1432 1346 1506 1395 est,
1549 1339 1722 1385 iudicem
1753 1352 1848 1385 esse
1880 1343 2083 1397 populum.
2145 1341 2225 1385 Sed
2257 1345 2383 1397 possit
2417 1342 2562 1396 aliquis

342 1418 598 1475 contendere,
631 1419 709 1461 hoc
739 1418 858 1460 etiam
890 1420 1076 1459 constare
1111 1420 1150 1458 et
1183 1415 1320 1457 valere
1353 1414 1515 1470 vulgata
1547 1415 1721 1476 lectione
1755 1422 1940 1460 servata:

1020 1489 1101 1532 Sed
1134 1490 1320 1543 quotiens
1350 1487 1481 1532 bonus
1512 1494 1633 1545 atque
1664 1489 1768 1535 lidus

1018 1562 1153 1606 ,ludex
1185 1564 1394 1617 honestum
1425 1549 1745 1620 praetulitutili,

1020 1637 1173 1681 Reiecit
1202 1637 1286 1681 alto
1317 1636 1422 1687 dona
1452 1640 1681 1690 nocentium

1023 1712 1153 1768 Velm,
1184 1724 1257 1768 per
1287 1711 1483 1758 obstantis
1514 1718 1701 1759 catervas

1023 1787 1223 1841 Explicuit
1251 1799 1328 1831 sna
1358 1790 1488 1831 victor
1519 1799 1646 1831 arma.

484 1864 631 1905 Verum
663 1872 780 1904 nemo
826 1872 903 1904 non
935 1861 1056 1914 videt,
1095 1860 1177 1903 tale
1217 1860 1403 1915 asyndeti
1442 1848 1669 1916 portentum
1712 1872 1737 1904 a
1778 1868 1924 1916 poetae
1955 1869 2077 1904 ‘more
2118 1872 2288 1915 prorsus
2330 1861 2565 1904 abliorrere.

349 1937 488 1992 ltaque
521 1938 559 1978 in
589 1935 873 1978 vetustissimis
903 1933 1145 1978 editionibus
1185 1940 1278 1988 post
1317 1935 1404 1977 utili
1443 1941 1483 1977 et
1512 1940 1606 1990 post
1636 1937 1746 1978 vultu
1778 1927 1858 1977 iam
1888 1939 1926 1978 et
1955 1934 2138 1997 additum
2166 1936 2402 1989 invenimus,
2442 1945 2565 1989 quam

346 2010 584 2067 particulam
616 2012 845 2065 quicunque
876 2011 1028 2063 primus
1060 2020 1112 2052 ex
1142 2009 1372 2052 coniectura
1402 2008 1640 2064 addidisset,
1662 2019 1763 2053 eum
1784 2015 1895 2053 recte
1914 2015 1955 2052 et
1975 2011 2210 2053 necessario
2231 2008 2273 2051 id
2299 2009 2457 2053 lecisse'
2470 2007 2569 2052 dixit

349 2086 568 2129 Bentleins.
631 2080 840 2127 Assentior
871 2072 958 2126 vir‘o
988 2094 1144 2126 summo
1176 2082 1226 2125 de
1257 2082 1385 2126 altero
1415 2088 1453 2125 et
1483 2089 1574 2138 post
1604 2085 1714 2127 voltu
1744 2084 2003 2138 restituendo,
2047 2085 2101 2127 de
2129 2083 2296 2127 alterius
2327 2085 2569 2127 necessitate

348 2159 608 2205 veliementer
648 2156 801 2200 dubito.
863 2158 1081 2200 Possemus
1112 2158 1231 2210 igitur
1262 2158 1526 2211 acquiescere
1567 2158 1645 2200 bac
1674 2158 1860 2211 lectione,
1904 2159 1980 2201 nisi
2018 2157 2232 2212 scrupul-
2273 2158 2394 2199 etiam
2428 2158 2570 2199 acrius

349 2234 480 2277 locum
512 2233 677 2275 intuenti
708 2237 895 2274 restaret.
949 2232 1129 2286 Apparet
1159 2233 1263 2272 enim
1294 2242 1347 2274 ex
1378 2231 1506 2274 tribus
1535 2234 1744 2275 sententiis
1777 2233 1946 2286 primam
1975 2231 2188 2286 (praetulit
2217 2231 2448 2283 honestum)
2474 2232 2570 2274 nni-

349 2318 512 2350 versum
555 2306 710 2360 aliquid
748 2308 975 2361 continere,
1017 2307 1126 2361 quod
1156 2307 1314 2349 duabus
1354 2308 1618 2362 sequentibus
1660 2308 1712 2350 ad
1754 2319 1874 2351 unum
1915 2313 2068 2350 certum
2112 2308 2396 2361 definitumque
2438 2308 2570 2349 locum

348 2383 536 2424 refertur.
599 2379 759 2435 Optime
789 2383 907 2435 igitur
937 2383 998 2421 sic
1029 2381 1210 2434 procedit
1240 2384 1393 2423 oratio:
1438 2382 1569 2437 index,
1601 2386 1670 2437 qui
1701 2384 1915 2425 honestum
1945 2382 2136 2436 praetulit
2167 2382 2264 2436 utili,
2295 2383 2435 2424 reiecit
2465 2380 2571 2423 dona

346 2461 388 2500 et
417 2468 529 2499 arma
560 2456 766 2510 explicuit.
829 2455 998 2498 Accedit
1029 2461 1070 2498 ut
1100 2457 1315 2500 collocatio
1346 2456 1427 2499 τοῦ
1457 2460 1608 2508 reiecit,
1641 2458 1793 2512 alioqui
1824 2457 2004 2499 nonnihil
2038 2457 2261 2511 offendens,
2301 2458 2405 2500 iusta
2434 2456 2503 2498 ilat
2528 2461 2573 2497 et

350 2531 563 2586 luculenta,
594 2533 629 2573 si
661 2530 713 2573 ad
743 2533 813 2585 qui
842 2529 1095 2573 referendum
1127 2537 1199 2573 est.
1261 2531 1333 2573 His
1375 2532 1424 2574 de
1466 2534 1600 2574 causis
1642 2534 1682 2574 in
1712 2534 1890 2575 animum
1920 2531 2058 2575 induxi
2100 2543 2179 2574 non
2211 2532 2373 2587 quidem
2406 2532 2571 2574 Horatio

349 2611 541 2661 protenus
584 2605 682 2648 illud
722 2608 791 2668 qm
828 2604 1055 2661 obtrudere,
1096 2604 1170 2648 sed
1210 2607 1305 2648 viris
1348 2605 1477 2650 doctis
1521 2617 1674 2650 meram
1716 2608 1944 2662 opinionem
1985 2617 2229 2662 proponere.
2301 2606 2403 2648 Nam
2442 2608 2572 2662 siquis

350 2684 475 2735 putet,
516 2684 675 2734 poetam
716 2681 755 2721 in
796 2678 1039 2722 carminibus
1079 2683 1148 2734 qui
1188 2680 1396 2723 relativum
1438 2691 1514 2724 nec
1548 2683 1730 2735 potuisse
1760 2691 1836 2724 nec
1867 2682 2049 2725 voluisse
2080 2672 2251 2738 elidere,
2284 2691 2437 2724 meram
2468 2682 2573 2723 banc

350 2765 512 2809 quoque
543 2756 772 2809 opinionem
803 2764 897 2797 esse
927 2754 1099 2798 confido,
1129 2760 1251 2810 atque
1281 2757 1318 2798 si
1348 2756 1557 2798 rarissime
1593 2756 1696 2811 tecit,
1727 2756 1769 2798 id
1799 2757 1912 2800 casui
1939 2758 2073 2810 potius
2094 2761 2133 2798 et
2154 2756 2374 2799 carminum
2392 2760 2572 2809 naturae,

349 2838 456 2883 quae
486 2827 854 2882 monosyllabarum
887 2839 1027 2871 vocum
1057 2828 1202 2871 silvam
1243 2833 1499 2884 aspernatur,
1548 2828 1812 2873 tribuendum.
1873 2831 2021 2872 Verum
2056 2840 2146 2873 cnm
2178 2822 2255 2872 hec
2285 2829 2446 2884 quidem
2478 2828 2572 2871 loco

351 2904 536 2956 quaestio
568 2903 637 2945 illa
668 2902 824 2945 absolvi
855 2907 1039 2958 nequeat,
1072 2914 1155 2958 eos,
1187 2905 1255 2958 qui
1286 2915 1407 2947 secus
1447 2906 1623 2947 sentiunt
1652 2914 1784 2959 neque
1815 2915 1971 2947 mecum
2001 2909 2179 2947 statuunt
2209 2905 2415 2945 Horatium
2447 2914 2571 2945 carm.

353 2986 463 3018 saec.
496 2988 530 3018 v.
561 2978 589 3018 5
621 2988 702 3031 quo
731 2981 770 3019 et
797 2978 1025 3032 scripsisse,
1067 2983 1231 3031 rogatos
1264 2978 1382 3020 velim
1426 2979 1529 3020 banc
1569 2989 1731 3033 quoque
1767 2977 2085 3021 emendationem
2128 2984 2171 3020 ut
2210 2988 2286 3032 per
2331 2978 2572 3032 hypothesin

356 3051 526 3104 proponi
558 3052 770 3105 patiantur.
823 3050 974 3093 Eadem
1006 3056 1107 3094 ratio
1138 3058 1200 3094 est
1230 3054 1434 3107 sequentis
1465 3055 1733 3107 coniecturae,
1765 3063 1889 3106 quam
1920 3063 2018 3106 prae
2051 3054 2199 3095 ceteris
2230 3052 2316 3094 sere
2346 3053 2385 3093 in
2419 3051 2574 3094 deliciis

356 3122 512 3166 habeo:

489 3198 556 3240 lib.
591 3200 617 3240 l.
654 3202 690 3255 1,
722 3214 756 3243 v.
789 3202 815 3243 6
847 3201 1033 3243 dominos
1060 3214 1167 3256 quae
1204 3202 1462 3256 caestu-(q.)
1504 3201 1571 3245 ubi
1602 3203 1725 3256 vulgo
1756 3203 1942 3245 dominos
1971 3203 2113 3245 coeka.
2174 3203 2399 3256 Meministi,
2442 3200 2570 3244 Bent-

353 3273 475 3315 leium
506 3273 597 3316 luce
627 3274 772 3317 clarius
803 3278 1088 3319 necessitatem
1120 3276 1410 3320 emendationis
1445 3277 1735 3331 demonstrare,
1777 3278 1851 3320 sed
1894 3289 2015 3333 quam
2046 3280 2137 3332 ipse
2168 3279 2378 3332 proposuit
2401 3279 2575 3319 coniec-

353 3352 482 3390 turam
515 3347 689 3400 eveltere,
733 3360 820 3391 eam
860 3361 1016 3393 summo
1059 3354 1143 3393 iure
1186 3352 1260 3393 viri
1305 3351 1410 3393 docti
1454 3362 1531 3394 non
1563 3352 1739 3406 amplexi
1771 3357 1873 3406 sunt,
1915 3354 2008 3406 quia
2053 3362 2296 3407 quamquam
2337 3362 2361 3392 a
2404 3352 2575 3392 veritate
